
@article{ ISI:000506678200158,
Author = {Wubben, Jamie and Fabra, Francisco and Calafate, Carlos T. and
   Krzeszowski, Tomasz and Marquez-Barja, Johann M. and Cano, Juan-Carlos
   and Manzoni, Pietro},
Title = {{Accurate Landing of Unmanned Aerial Vehicles Using Ground Pattern
   Recognition}},
Journal = {{Electronics}},
Year = {{2019}},
Volume = {{8}},
Number = {{12}},
Month = 1,
Article-number = {{1532}},
keywords = {baca2019autonomous, mine},
}

@Article{ Isi:000476812300009,
Author = {Vrba, Matous and Hert, Daniel and Saska, Martin},
Title = {{Onboard Marker-less Detection and Localization of Non-cooperating Drones
   for Their Safe Interception By An Autonomous Aerial System}},
Journal = {{IEEE Robotics and Automation Letters}},
Year = {{2019}},
Volume = {{4}},
Number = {{4}},
Pages = {{3402--3409}},
Month = 1,
keywords = {baca2019autonomous, mine},
}

@Article{ Isi:000478758000020,
Author = {Goslinski, Jaroslaw and Giernacki, Wojciech and Krolikowski, Andrzej},
Title = {{A Nonlinear Filter for Efficient Attitude Estimation of Unmanned Aerial
   Vehicle (UAV)}},
Journal = {{Journal of Intelligent \& Robotic Systems}},
Year = {{2019}},
Volume = {{95}},
Number = {{3-4}},
Pages = {{1079--1095}},
Month = 1,
keywords = {baca2019autonomous, mine},
}

@Article{ Isi:000501390700008,
Author = {Nascimento, Tiago P. and Saska, Martin},
Title = {{Position and Attitude Control of Multi-rotor Aerial Vehicles: A Survey}},
Journal = {{Annual Reviews In Control}},
Year = {{2019}},
Volume = {{48}},
Pages = {{129--146}},
keywords = {baca2019autonomous, mine},
}
