
@article{ ISI:000475466200002,
Author = {Tomas, Baca and Stepan, Petr and Vojtech, Spurny and Hert, Daniel and
   Penicka, Robert and Saska, Martin and Thomas, Justin and Loianno,
   Giuseppe and Kumar, Vijay},
Title = {{Autonomous landing on a moving vehicle with an unmanned aerial vehicle}},
Journal = {{Journal of Field Robotics}},
Year = {{2019}},
Volume = {{36}},
Number = {{5}},
Pages = {{874--891}},
Month = {{Aug}},
keywords = {baca2018model, mine},
}

@Article{ Isi:000474587400003,
Author = {Penicka, Robert and Faigl, Jan and Saska, Martin},
Title = {{Physical Orienteering Problem for Unmanned Aerial Vehicle Data
   Collection Planning In Environments With Obstacles}},
Journal = {{IEEE Robotics and Automation Letters}},
Year = {{2019}},
Volume = {{4}},
Number = {{3}},
Pages = {{3005--3012}},
Month = {{Jul}},
keywords = {baca2018model, mine},
}

@Article{ Isi:000467571900002,
Author = {Walter, Viktor and Staub, Nicolas and Franchi, Antonio and Saska, Martin},
Title = {{Uvdar System for Visual Relative Localization With Application To
   Leader-follower Formations of Multirotor UAVs}},
Journal = {{IEEE Robotics and Automation Letters}},
Year = {{2019}},
Volume = {{4}},
Number = {{3}},
Pages = {{2637--2644}},
Month = {{Jul}},
keywords = {baca2018model, mine},
}

@Article{ Isi:000455132600015,
Author = {Faigl, Jan and Vana, Petr and Penicka, Robert and Saska, Martin},
Title = {{Unsupervised Learning-based Flexible Framework for Surveillance Planning
   With Aerial Vehicles}},
Journal = {{Journal of Field Robotics}},
Year = {{2019}},
Volume = {{36}},
Number = {{1, Si}},
Pages = {{270--301}},
Month = {{Jan}},
keywords = {baca2018model, mine},
}
