
@article{ ISI:000475466200002,
Author = {Tomas, Baca and Stepan, Petr and Vojtech, Spurny and Hert, Daniel and
   Penicka, Robert and Saska, Martin and Thomas, Justin and Loianno,
   Giuseppe and Kumar, Vijay},
Title = {{Autonomous landing on a moving vehicle with an unmanned aerial vehicle}},
Journal = {{Journal of Field Robotics}},
Year = {{2019}},
Volume = {{36}},
Number = {{5}},
Pages = {{874--891}},
Month = {{Aug}},
keywords = {baca2016embedded, mine},
}

@Article{ Isi:000455132600008,
Author = {Spurny, Vojtech and Baca, Tomai and Saska, Martin and Penicka, Robert
   and Krajnik, Tomas and Thomas, Justin and Thakur, Dinesh and Loianno,
   Giuseppe and Kumar, Vijay},
Title = {{Cooperative Autonomous Search, Grasping, and Delivering In A Treasure
   Hunt Scenario By A Team of Unmanned Aerial Vehicles}},
Journal = {{Journal of Field Robotics}},
Year = {{2019}},
Volume = {{36}},
Number = {{1, Si}},
Pages = {{125--148}},
Month = {{Jan}},
keywords = {baca2016embedded, mine},
}

@Article{ Isi:000455132600015,
Author = {Faigl, Jan and Vana, Petr and Penicka, Robert and Saska, Martin},
Title = {{Unsupervised Learning-based Flexible Framework for Surveillance Planning
   With Aerial Vehicles}},
Journal = {{Journal of Field Robotics}},
Year = {{2019}},
Volume = {{36}},
Number = {{1, Si}},
Pages = {{270--301}},
Month = {{Jan}},
keywords = {baca2016embedded, mine},
}

@Article{ Isi:000423534000008,
Author = {Faigl, Jan and Vana, Petr},
Title = {{Surveillance Planning With Bezier Curves}},
Journal = {{IEEE Robotics and Automation Letters}},
Year = {{2018}},
Volume = {{3}},
Number = {{2}},
Pages = {{750--757}},
Month = {{Apr}},
keywords = {baca2016embedded, mine},
}

@Inproceedings{ Isi:000458872706029,
Author = {Baca, Tomas and Hert, Daniel and Loianno, Giuseppe and Saska, Martin And
   Kumar, Vijay},
Book-author = {{Kosecka, J}},
Title = {{Model Predictive Trajectory Tracking and Collision Avoidance For
   Reliable Outdoor Deployment of Unmanned Aerial Vehicles}},
Booktitle = {{2018 IEEE/RSJ International Conference on Intelligent Robots and Systems
   (IROS)}},
Year = {{2018}},
Pages = {{6753--6760}},
keywords = {baca2016embedded, mine},
}

@Inproceedings{ Isi:000444831600008,
Author = {Walter, Viktor and Novak, Tomas and Saska, Martin},
Title = {{Self-localization of Unmanned Aerial Vehicles Based on Optical Flow In
   Onboard Camera Images}},
Booktitle = {{Modelling and Simulation for Autonomous Systems}},
Year = {{2018}},
Volume = {{10756}},
Pages = {{106--132}},
keywords = {baca2016embedded, mine},
}

@Article{ Isi:000413736600109,
Author = {Penicka, Robert and Faigl, Jan and Vana, Petr and Saska, Martin},
Title = {{Dubins Orienteering Problem}},
Journal = {{IEEE Robotics and Automation Letters}},
Year = {{2017}},
Volume = {{2}},
Number = {{2}},
Pages = {{1210--1217}},
Month = {{Apr}},
keywords = {baca2016embedded, mine},
}

@Inproceedings{ Isi:000426455100047,
Author = {Baca, Tomas and Stepan, Petr and Saska, Martin},
Book-group-author = {{IEEE}},
Title = {{Autonomous Landing on A Moving Car With Unmanned Aerial Vehicle}},
Booktitle = {{2017 European Conference on Mobile Robots (ECMR)}},
Year = {{2017}},
keywords = {baca2016embedded, mine},
}

@Inproceedings{ Isi:000427812000089,
Author = {Saska, Martin and Kratky, Vit and Spurny, Vojtech and Baca, Tomas},
Book-group-author = {{IEEE}},
Title = {{Documentation of Dark Areas of Large Historical Buildings By A Formation
   of Unmanned Aerial Vehicles Using Model Predictive Control}},
Booktitle = {{2017 22nd IEEE International Conference on Emerging Technologies And
   Factory Automation (ETFA)}},
Year = {{2017}},
keywords = {baca2016embedded, mine},
}

@Inproceedings{ Isi:000426968704078,
Author = {Faigl, Jan and Vana, Petr},
Book-group-author = {{IEEE}},
Title = {{Unsupervised Learning for Surveillance Planning With Team of Aerial
   Vehicles}},
Booktitle = {{2017 International Joint Conference on Neural Networks (IJCNN)}},
Year = {{2017}},
Pages = {{4340--4347}},
keywords = {baca2016embedded, mine},
}

@Inproceedings{ Isi:000426455100049,
Author = {Brandtner, Daniel and Saska, Martin},
Book-group-author = {{IEEE}},
Title = {{Coherent Swarming of Unmanned Micro Aerial Vehicles With Minimum
   Computational and Communication Requirements}},
Booktitle = {{2017 European Conference on Mobile Robots (ECMR)}},
Year = {{2017}},
keywords = {baca2016embedded, mine},
}

@Inproceedings{ Isi:000426455100051,
Author = {Penicka, Robert and Saska, Martin and Reymann, Christophe and Lacroix,
   Simon},
Book-group-author = {{IEEE}},
Title = {{Reactive Dubins Traveling Salesman Problem for Replanning of Information
   Gathering By UAVs}},
Booktitle = {{2017 European Conference on Mobile Robots (ECMR)}},
Year = {{2017}},
keywords = {baca2016embedded, mine},
}

@Inproceedings{ Isi:000405520900202,
Author = {Saska, Martin and Baca, Tomas and Hert, Daniel},
Book-group-author = {{IEEE}},
Title = {{Formations of Unmanned Micro Aerial Vehicles Led By Migrating Virtual
   Leader}},
Booktitle = {{2016 14th International Conference on Control, Automation, Robotics And
   Vision (ICARCV)}},
Year = {{2016}},
keywords = {baca2016embedded, mine},
}
