
@article{ ISI:000474487700002,
Author = {Daniel, V and Inneman, A. and Vertat, I and Baca, T. and Nentvich, O.
   and Urban, M. and Stehlikova, V and Sieger, L. and Skala, P. and Filgas,
   R. and Zadrazil, V and Linhart, R. and Masopust, J. and Jamroz, T. and
   Pina, L. and Marsikova, V and Mikulickova, L. and Belas, E. and
   Pospisil, S. and Vykydal, Z. and Mora, Y. and Pavlica, R.},
Title = {{In-Orbit Commissioning of Czech Nanosatellite VZLUSAT-1 for the QB50
   Mission with a Demonstrator of a Miniaturised Lobster-Eye X-Ray
   Telescope and Radiation Shielding Composite Materials}},
Journal = {{Space Science Reviews}},
Year = {{2019}},
Volume = {{215}},
Number = {{5}},
Month = 1,
Article-number = {{Unsp 40}},
keywords = {baca2016miniaturized, mine},
}

@Article{ Isi:000468983500007,
Author = {Tichy, V. and Barbera, M. and Hudec, R. and Willingale, R.},
Title = {{Effective Collecting Area of Lobster Eye Optics and Optimal Value Of
   Effective Angle}},
Journal = {{Experimental Astronomy}},
Year = {{2019}},
Volume = {{47}},
Number = {{1-2}},
Pages = {{161--175}},
Month = 1,
keywords = {baca2016miniaturized, mine},
}

@Article{ Isi:000459643100003,
Author = {Furnell, Will and Shenoy, Abhishek and Fox, Elliot and Hatfield, Peter},
Title = {{First Results From the Lucid-timepix Spacecraft Payload Onboard The
   Techdemosat-1 Satellite In Low Earth Orbit}},
Journal = {{Advances In Space Research}},
Year = {{2019}},
Volume = {{63}},
Number = {{5}},
Pages = {{1523--1540}},
Month = 1,
keywords = {baca2016miniaturized, mine},
}

@Article{ Isi:000462549300041,
Author = {Hatfield, Peter and Furnell, W. and Shenoy, A. and Fox, E. and Parker,
   B. and Thomas, L. and Rushton, E. A. C.},
Title = {{Iris Opens Pupils' Eyes To Real Space Research}},
Journal = {{Astronomy \& Geophysics}},
Year = {{2019}},
Volume = {{60}},
Number = {{1}},
Pages = {{22--24}},
Month = 1,
keywords = {baca2016miniaturized, mine},
}

@Article{ Isi:000450880200021,
Author = {Granja, Carlos and Kudela, Karel and Jakubek, Jan and Krist, Pavel And
   Chvatil, David and Stursa, Jan and Polansky, Stepan},
Title = {{Directional Detection of Charged Particles and Cosmic Rays With The
   Miniaturized Radiation Camera Minipix Timepix}},
Journal = {{Nuclear Instruments \& Methods In Physics Research Section
   A-accelerators Spectrometers Detectors and Associated Equipment}},
Year = {{2018}},
Volume = {{911}},
Pages = {{142--152}},
Month = 1,
keywords = {baca2016miniaturized, mine},
}

@Article{ Isi:000446864600008,
Author = {Granja, Carlos and Jakubek, Jan and Polansky, Stepan and Zach, Vaclav
   and Krist, Pavel and Chvatil, David and Stursa, Jan and Sommer, Marek
   and Ploc, Ondrej and Kodaira, Satoshi and Martisikova, Maria},
Title = {{Resolving Power of Pixel Detector Timepix for Wide-range Electron,
   Proton and Ion Detection}},
Journal = {{Nuclear Instruments \& Methods In Physics Research Section
   A-accelerators Spectrometers Detectors and Associated Equipment}},
Year = {{2018}},
Volume = {{908}},
Pages = {{60--71}},
Month = 1,
keywords = {baca2016miniaturized, mine},
}

@Article{ Isi:000450394200001,
Author = {Baca, T. and Jilek, M. and Vertat, I. and Urban, M. and Nentvich, O. And
   Filgas, R. and Granja, C. and Inneman, A. and Daniel, V.},
Title = {{Timepix In Leo Orbit Onboard the VZLUSAT-1 Nanosatellite: 1-year Of
   Space Radiation Dosimetry Measurements}},
Journal = {{Journal of Instrumentation}},
Year = {{2018}},
Volume = {{13}},
Month = 1,
Article-number = {{C11010}},
keywords = {baca2016miniaturized, mine},
}

@Article{ Isi:000449812900003,
Author = {Baca, T. and Turecek, D. and Mcentaffer, R. and Filgas, R.},
Title = {{Rospix: Modular Software Tool for Automated Data Acquisitions of Timepix
   Detectors on Robot Operating System}},
Journal = {{Journal of Instrumentation}},
Year = {{2018}},
Volume = {{13}},
Month = 1,
Article-number = {{C11008}},
keywords = {baca2016miniaturized, mine},
}

@Article{ Isi:000449227600003,
Author = {Granja, C. and Jakubek, J. and Martisikova, M. and Kodaira, S. And
   Polansky, S. and Krist, P. and Zach, V. and Matlocha, T.},
Title = {{Dynamic Range and Resolving Power of the Timepix Detector To Heavy
   Charged Particles}},
Journal = {{Journal of Instrumentation}},
Year = {{2018}},
Volume = {{13}},
Month = 1,
Article-number = {{C11003}},
keywords = {baca2016miniaturized, mine},
}

@Article{ Isi:000448512600001,
Author = {Hatfield, P. and Furnell, W. and Shenoy, A. and Fox, E. and Parker, R.
   and Thomas, L.},
Title = {{The Lucid-timepix Spacecraft Payload and the CERN school Educational
   Programme}},
Journal = {{Journal of Instrumentation}},
Year = {{2018}},
Volume = {{13}},
Month = 1,
Article-number = {{C10004}},
keywords = {baca2016miniaturized, mine},
}

@Article{ Isi:000444072500009,
Author = {Tichy, V. and Willingale, R.},
Title = {{Optimization of Mirror Spacing Or Pore Width of Lobster Eye Optics}},
Journal = {{Astronomische Nachrichten}},
Year = {{2018}},
Volume = {{339}},
Number = {{5, Si}},
Pages = {{363--366}},
Month = 1,
keywords = {baca2016miniaturized, mine},
}

@Article{ Isi:000444072500010,
Author = {Urban, M. and Nentvich, O. and Stehlikova, V. and Sieger, L. And
   Mikulickova, L.},
Title = {{Outgassing Monitor on VZLUSAT-1: Preliminary Results}},
Journal = {{Astronomische Nachrichten}},
Year = {{2018}},
Volume = {{339}},
Number = {{5, Si}},
Pages = {{367--370}},
Month = 1,
keywords = {baca2016miniaturized, mine},
}

@Article{ Isi:000444072500014,
Author = {Filgas, R.},
Title = {{Space Radiation Monitoring With Timepix}},
Journal = {{Astronomische Nachrichten}},
Year = {{2018}},
Volume = {{339}},
Number = {{5, Si}},
Pages = {{386--390}},
Month = 1,
keywords = {baca2016miniaturized, mine},
}

@Article{ Isi:000444072500016,
Author = {Nentvich, O. and Urban, M. and Stehlikova, V. and Sieger, L. And
   Inneman, A.},
Title = {{VZLUSAT-1: Health Monitoring System, Preliminary Results}},
Journal = {{Astronomische Nachrichten}},
Year = {{2018}},
Volume = {{339}},
Number = {{5, Si}},
Pages = {{397--402}},
Month = 1,
keywords = {baca2016miniaturized, mine},
}

@Article{ Isi:000444072500020,
Author = {Hudec, R.},
Title = {{Low-dispersion Spectroscopy With Cubesats and Photographic Plates}},
Journal = {{Astronomische Nachrichten}},
Year = {{2018}},
Volume = {{339}},
Number = {{5, Si}},
Pages = {{416--419}},
Month = 1,
keywords = {baca2016miniaturized, mine},
}

@Article{ Isi:000432795000001,
Author = {Hudec, R.},
Title = {{Axro Introduction and Historical Background}},
Journal = {{Contributions of the Astronomical Observatory Skalnate Pleso}},
Year = {{2018}},
Volume = {{48}},
Number = {{3}},
Pages = {{396--404}},
keywords = {baca2016miniaturized, mine},
}

@Article{ Isi:000432795000002,
Author = {Tichy, V. and Barbera, M. and Butcher, G. I. and Lo Cicero, U. And
   Collura, A. and Hudec, R. and Inneman, A. and Varisco, S. And
   Willingale, R.},
Title = {{Effects of Manufacturing Inaccuracies on Spatial Resolution of Lobster
   Eye Optics}},
Journal = {{Contributions of the Astronomical Observatory Skalnate Pleso}},
Year = {{2018}},
Volume = {{48}},
Number = {{3}},
Pages = {{405--415}},
keywords = {baca2016miniaturized, mine},
}

@Article{ Isi:000432795000008,
Author = {Hudec, R. and Pina, L. and Marsikova, V. and Nentvich, O. and Urban, M.
   and Inneman, A.},
Title = {{Lobster Eye X-ray Optics for Astrophysics: Recent Status}},
Journal = {{Contributions of the Astronomical Observatory Skalnate Pleso}},
Year = {{2018}},
Volume = {{48}},
Number = {{3}},
Pages = {{456--465}},
keywords = {baca2016miniaturized, mine},
}

@Inproceedings{ Isi:000427091900052,
Author = {Vertat, Ivo and Linhart, Richard and Dudacek, Ludek and Daniel, Vladimir
   and Svoboda, Petr},
Title = {{Autonomous and Semi-autonomous Radio Commanding of VZLUSAT-1
   Nanosatellite From Ground Control Station In Pilsen}},
Booktitle = {{2017 International Conference on Applied Electronics (AE)}},
Year = {{2017}},
Pages = {{263--268}},
keywords = {baca2016miniaturized, mine},
}

@Article{ Isi:000410733700001,
Author = {Hudec, R. and Remisova, K.},
Title = {{Biomimetics and Astronomical X-ray Optics}},
Journal = {{Contributions of the Astronomical Observatory Skalnate Pleso}},
Year = {{2017}},
Volume = {{47}},
Number = {{2}},
Pages = {{67--75}},
keywords = {baca2016miniaturized, mine},
}

@Article{ Isi:000410733700004,
Author = {Hudec, R. and Michalova, S.},
Title = {{Fish Eye Optics}},
Journal = {{Contributions of the Astronomical Observatory Skalnate Pleso}},
Year = {{2017}},
Volume = {{47}},
Number = {{2}},
Pages = {{94--99}},
keywords = {baca2016miniaturized, mine},
}

@Article{ Isi:000410733700011,
Author = {Hudec, R.},
Title = {{Astrophysical Payloads for Picosatellites}},
Journal = {{Contributions of the Astronomical Observatory Skalnate Pleso}},
Year = {{2017}},
Volume = {{47}},
Number = {{2}},
Pages = {{143--150}},
keywords = {baca2016miniaturized, mine},
}

@Article{ Isi:000410733700012,
Author = {Urban, M. and Nentvich, O. and Stehlikova, V. and Sieger, L.},
Title = {{Detection of X-ray Spectra and Images By Timepix}},
Journal = {{Contributions of the Astronomical Observatory Skalnate Pleso}},
Year = {{2017}},
Volume = {{47}},
Number = {{2}},
Pages = {{151--156}},
keywords = {baca2016miniaturized, mine},
}

@Article{ Isi:000410733700013,
Author = {Vertat, I. and Linhart, R. and Masopust, J. and Vobornik, A. And
   Dudacek, L.},
Title = {{Earth's Thermal Radiation Sensors for Attitude Determination Systems Of
   Small Satellites}},
Journal = {{Contributions of the Astronomical Observatory Skalnate Pleso}},
Year = {{2017}},
Volume = {{47}},
Number = {{2}},
Pages = {{157--164}},
keywords = {baca2016miniaturized, mine},
}

@Article{ Isi:000410733700017,
Author = {Simon, V.},
Title = {{Perspectives of the Lobster-eye Telescope: the Promising Types of Cosmic
   X-ray Sources}},
Journal = {{Contributions of the Astronomical Observatory Skalnate Pleso}},
Year = {{2017}},
Volume = {{47}},
Number = {{2}},
Pages = {{184--191}},
keywords = {baca2016miniaturized, mine},
}

@Inproceedings{ Isi:000406801200001,
Author = {Daniel, V. and Inneman, A. and Pina, L. and Zadrazil, V. and Baca, T.
   and Stehlikova, V. and Nentvich, O. and Urban, M. and Marsikova, V. And
   Mcentaffer, R. and Tutt, J. and Schulz, T.},
Title = {{X-ray Lobster Eye All-sky Monitor for Rocket Experiment}},
Booktitle = {{EUV and X-ray Optics: Synergy Between Laboratory and Space V}},
Year = {{2017}},
Volume = {{10235}},
Article-number = {{1023503}},
keywords = {baca2016miniaturized, mine},
}

@Inproceedings{ Isi:000406801200016,
Author = {Nentvich, Ondrej and Stehlikova, Veronika and Urban, Martin and Hudec,
   Rene and Sieger, Lasislav},
Title = {{Data Processing From Lobster Eye Type Optics}},
Booktitle = {{EUV and X-ray Optics: Synergy Between Laboratory and Space V}},
Year = {{2017}},
Volume = {{10235}},
Article-number = {{Unsp 102350n}},
keywords = {baca2016miniaturized, mine},
}

@Inproceedings{ Isi:000406801200017,
Author = {Urban, Martin and Nentvich, Ondrej and Stehlikova, Veronika and Sieger,
   Ladislav},
Title = {{Uncooled Spectrometer for X-ray Astrophysics}},
Booktitle = {{EUV and X-ray Optics: Synergy Between Laboratory and Space V}},
Year = {{2017}},
Volume = {{10235}},
Article-number = {{102350o}},
keywords = {baca2016miniaturized, mine},
}

@Article{ Isi:000394899600001,
Author = {Blazek, Martin and Pata, Petr and Inneman, Adolf and Skala, Petr},
Title = {{Astronomical Tasks for Tests of X-ray Optics In VZLUSAT-1 Nanosatellite}},
Journal = {{Advances In Astronomy}},
Year = {{2017}},
Article-number = {{3162892}},
keywords = {baca2016miniaturized, mine},
}
