
@article{ ISI:000477785800010,
Author = {Bhargavapuri, Mahathi and Shastry, Animesh Kumar and Sinha, Harsh and
   Sahoo, Soumya Ranjan and Kothari, Mangal},
Title = {{Vision-based autonomous tracking and landing of a fully-actuated
   rotorcraft}},
Journal = {{Control Engineering Practice}},
Year = {{2019}},
Volume = {{89}},
Pages = {{113--129}},
Month = {{Aug}},
Eissn = {{1873-6939}},
Unique-id = {{Isi:000477785800010}},
}

@Article{ Isi:000455132600006,
Author = {Baehnemann, Rik And Pantie, Michael And Popovic, Marija And Schindler,
   Dominik And Tranzatto, Marco And Kamel, Mina And Grimm, Marius And
   Widauer, Jakob And Siegwart, Roland And Nieto, Juan},
Title = {{The ETH-MAV Team In the Mbz International Robotics Challenge}},
Journal = {{Journal of Field Robotics}},
Year = {{2019}},
Volume = {{36}},
Number = {{1, Si}},
Pages = {{78--103}},
Month = {{Jan}},
Eissn = {{1556-4967}},
Unique-id = {{Isi:000455132600006}},
}

@Article{ Isi:000455132600012,
Author = {Beul, Marius And Nieuwenhuisen, Matthias And Quenzel, Jan And Rosu, Radu
   Alexandru And Horn, Jannis And Pavlichenko, Dmytro And Houben, Sebastian
   And Behnke, Sven},
Title = {{Team Nimbro At MBZIRC 2017: Fast Landing on A Moving Target And Treasure
   Hunting With A Team of Micro Aerial Vehicles}},
Journal = {{Journal of Field Robotics}},
Year = {{2019}},
Volume = {{36}},
Number = {{1, Si}},
Pages = {{204--229}},
Month = {{Jan}},
Eissn = {{1556-4967}},
Researcherid-numbers = {{Houben, Sebastian/r-1865-2019
   Behnke, Sven/b-5509-2013
   Nieuwenhuisen, Matthias/c-4205-2019
   }},
Orcid-numbers = {{Houben, Sebastian/0000-0002-2036-419x
   Behnke, Sven/0000-0002-5040-7525
   Nieuwenhuisen, Matthias/0000-0002-3706-592x
   Rosu, Radu Alexandru/0000-0001-7349-4126}},
Unique-id = {{Isi:000455132600012}},
}

@Inproceedings{ Isi:000458872706029,
Author = {Baca, Tomas And Hert, Daniel And Loianno, Giuseppe And Saska, Martin And
   Kumar, Vijay},
Book-author = {{Kosecka, J}},
Title = {{Model Predictive Trajectory Tracking And Collision Avoidance For
   Reliable Outdoor Deployment of Unmanned Aerial Vehicles}},
Booktitle = {{2018 IEEE/RSJ International Conference on Intelligent Robots And Systems
   (IROS)}},
Year = {{2018}},
Pages = {{6753--6760}},
   (IROS), Madrid, Spain, Oct 01-05, 2018}},
Organization = {{IEEE Robot \& Automat Soc; IEEE Ind Elect Soc; Robot Soc Japan; Soc
   Instrument \& Control Engineers; New Technol Fdn; IEEE; Adept
   Mobilerobots; Willow Garage; Aldebaran Robot; Natl Instruments;
   Reflexxes Gmbh; Schunk Intec S L U; Univ Carlos Iii Madrid; Bosch; Jd
   Com; Pal Robot; Kuka; Santander; Squirrel Ai Learning; Baidu; Generat
   Robots; Kinova Robot; Ouster; Univ Pablo Olavide Sevilla; Rapyuta Robot;
   Sick; Toyota; Up; Amazon; Argo; Built Robot; Disney Res; Easy Mile;
   Hitachi; Robot; Khalifa Univ; Magazino; Mathworks; New Dexterity;
   Schunk; Nutonomy; Pilz; Prophesee; Rootnik; Saga Robot; Shadow; Soft
   Bank Robot; Anyverse; Galtech; Generat Robot; IEEE Caa Journal
   Automatica Sinica; Sci Robot, Aaas; Teras}},
Researcherid-numbers = {{Baca, Tomas/w-2903-2018
   Saska, Martin/l-3669-2013}},
Orcid-numbers = {{Baca, Tomas/0000-0001-9649-8277
   }},
Unique-id = {{Isi:000458872706029}},
}

@Inproceedings{ Isi:000454860700015,
Author = {Lee, Seongheon And Shim, Taemin And Kim, Sungjoong And Park, Junwoo And
   Hong, Kyungwoo And Bang, Hyochoong},
Book-group-author = {{IEEE}},
Title = {{Vision-based Autonomous Landing of A Multi-copter Unmanned Aerial
   Vehicle Using Reinforcement Learning}},
Booktitle = {{2018 International Conference on Unmanned Aircraft Systems (ICUAS)}},
Year = {{2018}},
Pages = {{108--114}},
   Tx, Jun 12-15, 2018}},
Organization = {{IEEE; IEEE Robotics \& Automat Soc; Css; Mca; Univ Denver; Univ Texas;
   Univ Denver, Daniel Felix Ritchie Sch Engn \& Comp Sci; Blankrome; Ft
   Technologies; Quanser; Rcbenchmark}},
Unique-id = {{Isi:000454860700015}},
}
