
@article{ ISI:000524331300005,
Author = {Stibinger, Petr and Baca, Tomas and Saska, Martin},
Title = {{Localization of Ionizing Radiation Sources by Cooperating Micro Aerial
   Vehicles With Pixel Detectors in Real-Time}},
Journal = {{IEEE Robotics and Automation Letters}},
Year = {{2020}},
Volume = {{5}},
Number = {{2}},
Pages = {{3634--3641}},
Month = 1,
keywords = {baca2018rospix, mine},
}

@Inproceedings{ Isi:000544658400123,
Author = {Baca, Tomas and Jilek, Martin and Manek, Petr and Stibinger, Petr And
   Linhart, Vladimir and Jakubek, Jan and Saska, Martin},
Book-group-author = {{IEEE}},
Title = {{Timepix Radiation Detector for Autonomous Radiation Localization And
   Mapping By Micro Unmanned Vehicles}},
Booktitle = {{2019 IEEE/RSJ International Conference on Intelligent Robots and Systems
   (IROS)}},
Year = {{2019}},
Pages = {{1129--1136}},
keywords = {baca2018rospix, mine},
}

@Inproceedings{ Isi:000511172300035,
Author = {Urban, Martin and Nentvich, Ondrej and Doubravova, Daniela and Petr,
   Ondrej and Inneman, Adolf and Hudec, Rene and Sieger, Ladislav},
Title = {{Timepix: Influence of Temperature and Vacuum on Equalisation of X-Ray
   Detector and Its Verification}},
Booktitle = {{UV, X-Ray, and Gamma-ray Space Instrumentation for Astronomy XXI}},
Year = {{2019}},
Volume = {{11118}},
Article-number = {{Unsp 111181h}},
keywords = {baca2018rospix, mine},
}
