
@article{ ISI:000528039600040,
Author = {Urban, M. and Doubravova, D. and Nentvich, O.},
Title = {{Thermal vacuum testing of Timepix3 detector}},
Journal = {{Journal of Instrumentation}},
Year = {{2020}},
Volume = {{15}},
Number = {{3}},
Month = 1,
Article-number = {{C03040}},
keywords = {baca2018timepix, mine},
}

@Article{ Isi:000491150100001,
Author = {Sieger, Ladislav and Nentvich, Ondrej and Urban, Martin},
Title = {{Satellite Temperature Measurement In Leo and Improvement Method Of
   Temperature Sensors Calibration Based on the Measured Data}},
Journal = {{Astronomische Nachrichten}},
Year = {{2019}},
Volume = {{340}},
Number = {{7, Si}},
Pages = {{652--657}},
Month = 1,
Early Access Date = {{Oct 2019}},
keywords = {baca2018timepix, mine},
}

@Article{ Isi:000493339600019,
Author = {Filgas, Robert and Malich, Milan and Kuwahara, Toshinori and Broulim,
   Jan and Holik, Michael and Sakal, Morokot and Murata, Yu and Tomio,
   Hannah and Gohl, Stefan and Pineda, Johan M. T.},
Title = {{Risepix-a Timepix-based Radiation Monitor Telescope Onboard the Risesat
   Satellite}},
Journal = {{Astronomische Nachrichten}},
Year = {{2019}},
Volume = {{340}},
Number = {{7, Si}},
Pages = {{674--680}},
Month = 1,
keywords = {baca2018timepix, mine},
}

@Inproceedings{ Isi:000544658400123,
Author = {Baca, Tomas and Jilek, Martin and Manek, Petr and Stibinger, Petr And
   Linhart, Vladimir and Jakubek, Jan and Saska, Martin},
Book-group-author = {{IEEE}},
Title = {{Timepix Radiation Detector for Autonomous Radiation Localization And
   Mapping By Micro Unmanned Vehicles}},
Booktitle = {{2019 IEEE/RSJ International Conference on Intelligent Robots and Systems
   (IROS)}},
Year = {{2019}},
Pages = {{1129--1136}},
keywords = {baca2018timepix, mine},
}

@Inproceedings{ Isi:000535354700003,
Author = {Daniel, V. and Hudec, R. and Baca, T. and Pina, L. and Inneman, A. And
   Marsikova, V. and Urban, M. and Nentvich, O. and Stehlikova, V. And
   Tutt, J.},
Title = {{Rex Le X-Ray Telescope Experiment Overview}},
Booktitle = {{EUV and X-Ray Optics: Synergy Between Laboratory and Space Vi}},
Year = {{2019}},
Volume = {{11032}},
Article-number = {{1103206}},
keywords = {baca2018timepix, mine},
}

@Inproceedings{ Isi:000535354700002,
Author = {Hudec, R.},
Title = {{X/EUV and UV Optics for Miniature Cube Satellites Payloads}},
Booktitle = {{EUV and X-Ray Optics: Synergy Between Laboratory and Space Vi}},
Year = {{2019}},
Volume = {{11032}},
Article-number = {{1103204}},
keywords = {baca2018timepix, mine},
}

@Inproceedings{ Isi:000535354700001,
Author = {Pina, L. and Hudec, R. and Inneman, A. and Marsikova, V. and Baca, T.
   and Stehlikova, V. and Daniel, V. and Tutt, J.},
Title = {{Multifoil Optics for Rocket Experiments}},
Booktitle = {{EUV and X-Ray Optics: Synergy Between Laboratory and Space Vi}},
Year = {{2019}},
Volume = {{11032}},
Article-number = {{1103203}},
keywords = {baca2018timepix, mine},
}

@Inproceedings{ Isi:000535353700016,
Author = {Pina, L. and Hudec, R. and Marsikova, V. and Inneman, A. and Oberta, P.
   and Havlikova, R.},
Title = {{X-Ray Multi-foil Optical System for Cubesat Demonstrator}},
Booktitle = {{Advances In X-Ray/EUV Optics and Components Xiv}},
Year = {{2019}},
Volume = {{11108}},
Article-number = {{111080y}},
keywords = {baca2018timepix, mine},
}
