
@inproceedings{ ISI:000444831600008,
Author = {Walter, Viktor and Novak, Tomas and Saska, Martin},
Title = {{Self-localization of Unmanned Aerial Vehicles Based on Optical Flow in
   Onboard Camera Images}},
Booktitle = {{Modelling and Simulation for Autonomous Systems}},
Year = {{2018}},
Volume = {{10756}},
Pages = {{106--132}},
keywords = {chudoba2016exploration, mine},
}

@Inproceedings{ Isi:000389939300020,
Author = {Perez-paina, Gonzalo and Paz, Claudio and Kulich, MIROSlav and Saska,
   Martin and Araguas, Gaston},
Title = {{Fusion of Monocular Visual-inertial Measurements for Three Dimensional
   Pose Estimatione}},
Booktitle = {{Modelling and Simulation for Autonomous Systems, MESAS 2016}},
Year = {{2016}},
Volume = {{9991}},
Pages = {{242--260}},
keywords = {chudoba2016exploration, mine},
}
