
@article{ ISI:000452326500044,
Author = {Rabah, Mohammed and Rohan, Ali and Talha, Muhammad and Nam, Kang-Hyun
   and Kim, Sung Ho},
Title = {{Autonomous Vision-based Target Detection and Safe Landing for UAV}},
Journal = {{International Journal of Control Automation and Systems}},
Year = {{2018}},
Volume = {{16}},
Number = {{6}},
Pages = {{3013--3025}},
Month = 1,
keywords = {chudoba2014localization, mine},
}

@Article{ Isi:000385097200001,
Author = {Jeong, Hyeok-june and Choi, Jeong Dan and Ha, Young-guk},
Title = {{Vision Based Displacement Detection for Stabilized UAV Control on Cloud
   Server}},
Journal = {{Mobile Information Systems}},
Year = {{2016}},
Article-number = {{8937176}},
keywords = {chudoba2014localization, mine},
}

@Inproceedings{ Isi:000388438500109,
Author = {Saska, Martin},
Book-group-author = {{IEEE}},
Title = {{Mav-swarms: Unmanned Aerial Vehicles Stabilized Along A Given Path Using
   Onboard Relative Localization}},
Booktitle = {{2015 International Conference on Unmanned Aircraft Systems (ICUAS'15)}},
Year = {{2015}},
Pages = {{894--903}},
keywords = {chudoba2014localization, mine},
}
