
@article{ ISI:000474487700002,
Author = {Daniel, V and Inneman, A. and Vertat, I and Baca, T. and Nentvich, O.
   and Urban, M. and Stehlikova, V and Sieger, L. and Skala, P. and Filgas,
   R. and Zadrazil, V and Linhart, R. and Masopust, J. and Jamroz, T. and
   Pina, L. and Marsikova, V and Mikulickova, L. and Belas, E. and
   Pospisil, S. and Vykydal, Z. and Mora, Y. and Pavlica, R.},
Title = {{In-Orbit Commissioning of Czech Nanosatellite VZLUSAT-1 for the QB50
   Mission with a Demonstrator of a Miniaturised Lobster-Eye X-Ray
   Telescope and Radiation Shielding Composite Materials}},
Journal = {{Space Science Reviews}},
Year = {{2019}},
Volume = {{215}},
Number = {{5}},
Month = 1,
Article-number = {{40}},
keywords = {daniel2016terrestrial, mine},
}

@Article{ Isi:000472661800006,
Author = {Alanazi, Abdulaziz and Straub, Jeremy},
Title = {{Engineering Methodology for Student-driven Cubesats}},
Journal = {{Aerospace}},
Year = {{2019}},
Volume = {{6}},
Number = {{5}},
Month = 1,
Article-number = {{54}},
keywords = {daniel2016terrestrial, mine},
}

@Article{ Isi:000459643100003,
Author = {Furnell, Will and Shenoy, Abhishek and Fox, Elliot and Hatfield, Peter},
Title = {{First Results From the Lucid-timepix Spacecraft Payload Onboard The
   Techdemosat-1 Satellite In Low Earth Orbit}},
Journal = {{Advances In Space Research}},
Year = {{2019}},
Volume = {{63}},
Number = {{5}},
Pages = {{1523--1540}},
Month = 1,
keywords = {daniel2016terrestrial, mine},
}

@Inproceedings{ Isi:000535354700003,
Author = {Daniel, V. and Hudec, R. and Baca, T. and Pina, L. and Inneman, A. And
   Marsikova, V. and Urban, M. and Nentvich, O. and Stehlikova, V. And
   Tutt, J.},
Title = {{Rex Le X-Ray Telescope Experiment Overview}},
Booktitle = {{EUV and X-Ray Optics: Synergy Between Laboratory and Space Vi}},
Year = {{2019}},
Volume = {{11032}},
Article-number = {{1103206}},
keywords = {daniel2016terrestrial, mine},
}

@Inproceedings{ Isi:000535354700002,
Author = {Hudec, R.},
Title = {{X/EUV and UV Optics for Miniature Cube Satellites Payloads}},
Booktitle = {{EUV and X-Ray Optics: Synergy Between Laboratory and Space Vi}},
Year = {{2019}},
Volume = {{11032}},
Article-number = {{1103204}},
keywords = {daniel2016terrestrial, mine},
}

@Inproceedings{ Isi:000535354700001,
Author = {Pina, L. and Hudec, R. and Inneman, A. and Marsikova, V. and Baca, T.
   and Stehlikova, V. and Daniel, V. and Tutt, J.},
Title = {{Multifoil Optics for Rocket Experiments}},
Booktitle = {{EUV and X-Ray Optics: Synergy Between Laboratory and Space Vi}},
Year = {{2019}},
Volume = {{11032}},
Article-number = {{1103203}},
keywords = {daniel2016terrestrial, mine},
}

@Inproceedings{ Isi:000535353700016,
Author = {Pina, L. and Hudec, R. and Marsikova, V. and Inneman, A. and Oberta, P.
   and Havlikova, R.},
Title = {{X-Ray Multi-foil Optical System for Cubesat Demonstrator}},
Booktitle = {{Advances In X-Ray/EUV Optics and Components Xiv}},
Year = {{2019}},
Volume = {{11108}},
Article-number = {{111080y}},
keywords = {daniel2016terrestrial, mine},
}

@Article{ Isi:000448512600001,
Author = {Hatfield, P. and Furnell, W. and Shenoy, A. and Fox, E. and Parker, R.
   and Thomas, L.},
Title = {{The Lucid-timepix Spacecraft Payload and the CERN school Educational
   Programme}},
Journal = {{Journal of Instrumentation}},
Year = {{2018}},
Volume = {{13}},
Month = 1,
Article-number = {{C10004}},
keywords = {daniel2016terrestrial, mine},
}

@Article{ Isi:000444072500010,
Author = {Urban, M. and Nentvich, O. and Stehlikova, V. and Sieger, L. And
   Mikulickova, L.},
Title = {{Outgassing Monitor on VZLUSAT-1: Preliminary Results}},
Journal = {{Astronomische Nachrichten}},
Year = {{2018}},
Volume = {{339}},
Number = {{5, Si}},
Pages = {{367--370}},
Month = 1,
keywords = {daniel2016terrestrial, mine},
}

@Article{ Isi:000432795000001,
Author = {Hudec, R.},
Title = {{Axro Introduction and Historical Background}},
Journal = {{Contributions of the Astronomical Observatory Skalnate Pleso}},
Year = {{2018}},
Volume = {{48}},
Number = {{3}},
Pages = {{396--404}},
keywords = {daniel2016terrestrial, mine},
}

@Article{ Isi:000432795000008,
Author = {Hudec, R. and Pina, L. and Marsikova, V. and Nentvich, O. and Urban, M.
   and Inneman, A.},
Title = {{Lobster Eye X-Ray Optics for Astrophysics: Recent Status}},
Journal = {{Contributions of the Astronomical Observatory Skalnate Pleso}},
Year = {{2018}},
Volume = {{48}},
Number = {{3}},
Pages = {{456--465}},
keywords = {daniel2016terrestrial, mine},
}

@Article{ Isi:000410733700001,
Author = {Hudec, R. and Remisova, K.},
Title = {{Biomimetics and Astronomical X-Ray Optics}},
Journal = {{Contributions of the Astronomical Observatory Skalnate Pleso}},
Year = {{2017}},
Volume = {{47}},
Number = {{2}},
Pages = {{67--75}},
keywords = {daniel2016terrestrial, mine},
}

@Article{ Isi:000410733700004,
Author = {Hudec, R. and Michalova, S.},
Title = {{Fish Eye Optics}},
Journal = {{Contributions of the Astronomical Observatory Skalnate Pleso}},
Year = {{2017}},
Volume = {{47}},
Number = {{2}},
Pages = {{94--99}},
keywords = {daniel2016terrestrial, mine},
}

@Article{ Isi:000410733700011,
Author = {Hudec, R.},
Title = {{Astrophysical Payloads for Picosatellites}},
Journal = {{Contributions of the Astronomical Observatory Skalnate Pleso}},
Year = {{2017}},
Volume = {{47}},
Number = {{2}},
Pages = {{143--150}},
keywords = {daniel2016terrestrial, mine},
}

@Article{ Isi:000410733700012,
Author = {Urban, M. and Nentvich, O. and Stehlikova, V. and Sieger, L.},
Title = {{Detection of X-Ray Spectra and Images By Timepix}},
Journal = {{Contributions of the Astronomical Observatory Skalnate Pleso}},
Year = {{2017}},
Volume = {{47}},
Number = {{2}},
Pages = {{151--156}},
keywords = {daniel2016terrestrial, mine},
}

@Inproceedings{ Isi:000406801200001,
Author = {Daniel, V. and Inneman, A. and Pina, L. and Zadrazil, V. and Baca, T.
   and Stehlikova, V. and Nentvich, O. and Urban, M. and Marsikova, V. And
   Mcentaffer, R. and Tutt, J. and Schulz, T.},
Title = {{X-Ray Lobster Eye All-sky Monitor for Rocket Experiment}},
Booktitle = {{EUV and X-Ray Optics: Synergy Between Laboratory and Space V}},
Year = {{2017}},
Volume = {{10235}},
Article-number = {{1023503}},
keywords = {daniel2016terrestrial, mine},
}

@Inproceedings{ Isi:000406801200017,
Author = {Urban, Martin and Nentvich, Ondrej and Stehlikova, Veronika and Sieger,
   Ladislav},
Title = {{Uncooled Spectrometer for X-Ray Astrophysics}},
Booktitle = {{EUV and X-Ray Optics: Synergy Between Laboratory and Space V}},
Year = {{2017}},
Volume = {{10235}},
Article-number = {{102350o}},
keywords = {daniel2016terrestrial, mine},
}
