
@article{ ISI:000423534000008,
Author = {Faigl, Jan and Vana, Petr},
Title = {{Surveillance Planning With Bezier Curves}},
Journal = {{IEEE Robotics and Automation Letters}},
Year = {{2018}},
Volume = {{3}},
Number = {{2}},
Pages = {{750--757}},
Month = 1,
keywords = {faigl2017onsolution, mine},
}

@Inproceedings{ Isi:000446394500038,
Author = {Vana, Petr and Slama, Jakub and Faigl, Jan},
Book-group-author = {{IEEE}},
Title = {{The Dubins Traveling Salesman Problem With Neighborhoods In The
   Three-dimensional Space}},
Booktitle = {{2018 IEEE International Conference on Robotics and Automation (ICRA)}},
Year = {{2018}},
Pages = {{374--379}},
keywords = {faigl2017onsolution, mine},
}
