
@article{ ISI:000456636800003,
Author = {Giernacki, Wojciech and Horla, Dariusz and Sadalla, Talar and Espinoza
   Fraire, Tadeo},
Title = {{Optimal Tuning of Fractional Order Controllers for Rotational Speed
   Control of UAV's Propulsion Unit Based on an Iterative Batch Method}},
Journal = {{Control Engineering and Applied Informatics}},
Year = {{2018}},
Volume = {{20}},
Number = {{4}},
Pages = {{22--31}},
Month = {{Dec}},
Researcherid-numbers = {{Giernacki, Wojciech/m-2225-2014}},
Orcid-numbers = {{Giernacki, Wojciech/0000-0003-1747-4010}},
Keywords = {Giernacky2019realtime},
}
