
@article{ ISI:000576148300001,
Author = {Gopalakrishnan, Muralikrishnan and Mohanty, Nalin Kant},
Title = {{Integration ofCFA(2)FBcontrol scheme with modified shunt active line
   conditioner (MSALC) connected distribution system for mitigation of
   harmonics}},
Journal = {{International Transactions on Electrical Energy Systems}},
Year = {{2020}},
Volume = {{30}},
Number = {{12}},
Month = 1,
Early Access Date = {{Oct 2020}},
Article-number = {{E12652}},
keywords = {giernacki2019realtime, mine},
}

@Article{ Isi:000585103300001,
Author = {Rodriguez-abreo, Omar and Manuel Garcia-guendulain, Juan And
   Hernandez-alvarado, Rodrigo and Flores Rangel, Alejandro And
   Fuentes-silva, Carlos},
Title = {{Genetic Algorithm-based Tuning of Backstepping Controller for A
   Quadrotor-type Unmanned Aerial Vehicle}},
Journal = {{Electronics}},
Year = {{2020}},
Volume = {{9}},
Number = {{10}},
Month = 1,
Article-number = {{1735}},
keywords = {giernacki2019realtime, mine},
}

@Article{ Isi:000535859600021,
Author = {Niu, Xi and Yuan, Xiaodong and Zhou, Yongwei and Fan, Hehua},
Title = {{UAV Track Planning Based on Evolution Algorithm In Embe Dded System}},
Journal = {{Microprocessors and Microsystems}},
Year = {{2020}},
Volume = {{75}},
Month = 1,
Article-number = {{103068}},
keywords = {giernacki2019realtime, mine},
}

@Article{ Isi:000557617000001,
Author = {Ayyad, Abdulla and Chehadeh, Mohamad and Awad, I, Mohammad and Zweiri,
   Yahya},
Title = {{Real-time System Identification Using Deep Learning for Linear Processes
   With Application To Unmanned Aerial Vehicles}},
Journal = {{IEEE Access}},
Year = {{2020}},
Volume = {{8}},
Pages = {{122539--122553}},
keywords = {giernacki2019realtime, mine},
}

@Article{ Isi:000460696500034,
Author = {Giernacki, Wojciech},
Title = {{Iterative Learning Method for In-flight Auto-tuning of UAV Controllers
   Based on Basic Sensory Information}},
Journal = {{Applied Sciences-basel}},
Year = {{2019}},
Volume = {{9}},
Number = {{4}},
Month = 1,
Article-number = {{648}},
keywords = {giernacki2019realtime, mine},
}
