
@article{ ISI:000545428400018,
Author = {Liu, Sensen and Dong, Wei and Ma, Zhao and Sheng, Xinjun},
Title = {{Adaptive Aerial Grasping and Perching With Dual Elasticity Combined
   Suction Cup}},
Journal = {{IEEE Robotics and Automation Letters}},
Year = {{2020}},
Volume = {{5}},
Number = {{3}},
Pages = {{4766--4773}},
Month = 1,
keywords = {loianno2018localization, mine},
}

@Article{ Isi:000534593100033,
Author = {Michieletto, Giulia and Cenedese, Angelo and Zaccarian, Luca And
   Franchi, Antonio},
Title = {{Hierarchical Nonlinear Control for Multi-rotor Asymptotic Stabilization
   Based on Zero-moment Direction}},
Journal = {{Automatica}},
Year = {{2020}},
Volume = {{117}},
Month = 1,
Article-number = {{108991}},
keywords = {loianno2018localization, mine},
}

@Article{ Isi:000526521400006,
Author = {Petracek, Pavel and Kratky, Vit and Saska, Martin},
Title = {{Dronument: System for Reliable Deployment of Micro Aerial Vehicles In
   Dark Areas of Large Historical Monuments}},
Journal = {{IEEE Robotics and Automation Letters}},
Year = {{2020}},
Volume = {{5}},
Number = {{2}},
Pages = {{2078--2085}},
Month = 1,
keywords = {loianno2018localization, mine},
}

@Article{ Isi:000512017700009,
Author = {Patel, Siddharth and Sarabakha, Andriy and Kircali, Dogan and Kayacan,
   Erdal},
Title = {{An Intelligent Hybrid Artificial Neural Network-based Approach For
   Control of Aerial Robots}},
Journal = {{Journal of Intelligent \& Robotic Systems}},
Year = {{2020}},
Volume = {{97}},
Number = {{2}},
Pages = {{387--398}},
Month = 1,
keywords = {loianno2018localization, mine},
}

@Article{ Isi:000500870500015,
Author = {Sartori, Daniele and Yu, Wenxian},
Title = {{Experimental Characterization of A Propulsion System for Multi-rotor
   UAVs}},
Journal = {{Journal of Intelligent \& Robotic Systems}},
Year = {{2019}},
Volume = {{96}},
Number = {{3-4}},
Pages = {{529--540}},
Month = 1,
keywords = {loianno2018localization, mine},
}

@Article{ Isi:000489924700001,
Author = {Villa, Daniel K. D. and Brandao, Alexandre S. and Sarcinelli-filho,
   Mario},
Title = {{A Survey on Load Transportation Using Multirotor UAVs}},
Journal = {{Journal of Intelligent \& Robotic Systems}},
Year = {{2020}},
Volume = {{98}},
Number = {{2}},
Pages = {{267--296}},
Month = 1,
Early Access Date = {{Oct 2019}},
keywords = {loianno2018localization, mine},
}

@Article{ Isi:000485854900023,
Author = {Beloti Pizetta, Igor Henrique and Brandao, Alexandre Santos And
   Sarcinelli-filho, Mario},
Title = {{Avoiding Obstacles In Cooperative Load Transportation}},
Journal = {{Isa Transactions}},
Year = {{2019}},
Volume = {{91}},
Pages = {{253--261}},
Month = 1,
keywords = {loianno2018localization, mine},
}

@Article{ Isi:000471707300001,
Author = {Hamaza, Salua and Georgilas, Ioannis and Fernandez, Manuel and Sanchez,
   Pedro and Richardson, Thomas and Heredia, Guillermo and Ollero, Anibal},
Title = {{Sensor Installation and Retrieval Operations Using An Unmanned Aerial
   Manipulator}},
Journal = {{IEEE Robotics and Automation Letters}},
Year = {{2019}},
Volume = {{4}},
Number = {{3}},
Pages = {{2793--2800}},
Month = 1,
keywords = {loianno2018localization, mine},
}

@Article{ Isi:000458569300095,
Author = {Giernacki, Wojciech and Horla, Dariusz and Baca, Tomas and Saska, Martin},
Title = {{Real-time Model-free Minimum-seeking Autotuning Method for Unmanned
   Aerial Vehicle Controllers Based on Fibonacci-search Algorithm}},
Journal = {{Sensors}},
Year = {{2019}},
Volume = {{19}},
Number = {{2}},
Month = 1,
Article-number = {{312}},
keywords = {loianno2018localization, mine},
}

@Inproceedings{ Isi:000556596600124,
Author = {Spurny, Vojtech and Petrlik, Matej and Vonasek, Vojtech and Saska,
   Martin},
Book-group-author = {{IEEE}},
Title = {{Cooperative Transport of Large Objects By A Pair of Unmanned Aerial
   Systems Using Sampling-based Motion Planning}},
Booktitle = {{2019 24th IEEE International Conference on Emerging Technologies And
   Factory Automation (ETFA)}},
Year = {{2019}},
Pages = {{955--962}},
keywords = {loianno2018localization, mine},
}

@Inproceedings{ Isi:000554861000014,
Author = {Jeske, Petr and Kloucek, Stepan and Saska, Martin},
Title = {{Autonomous Compact Monitoring of Large Areas Using Micro Aerial Vehicles
   With Limited Sensory Information and Computational Resources}},
Booktitle = {{Modelling and Simulation for Autonomous Systems (MESAS 2018)}},
Year = {{2019}},
Volume = {{11472}},
Pages = {{158--171}},
keywords = {loianno2018localization, mine},
}

@Inproceedings{ Isi:000554861000025,
Author = {Pritzl, Vaclav and Vojtech, Lukas and Neruda, Marek and Saska, Martin},
Title = {{Real-time Localization of Transmission Sources By A Formation Of
   Helicopters Equipped With A Rotating Directional Antenna}},
Booktitle = {{Modelling and Simulation for Autonomous Systems (MESAS 2018)}},
Year = {{2019}},
Volume = {{11472}},
Pages = {{335--350}},
keywords = {loianno2018localization, mine},
}

@Inproceedings{ Isi:000553692900006,
Author = {Patel, Siddharth and Sarabakha, Andriy and Kircali, Dogan and Loianno,
   Giuseppe and Kayacan, Erdal},
Book-group-author = {{IEEE}},
Title = {{Artificial Neural Network-assisted Controller for Fast and Agile UAV
   Flight: Onboard Implementation and Experimental Results}},
Booktitle = {{2019 International Workshop on Research, Education and Development Of
   Unmanned Aerial Systems (Red Uas 2019)}},
Year = {{2019}},
Pages = {{37--43}},
keywords = {loianno2018localization, mine},
}

@Inproceedings{ Isi:000503382900081,
Author = {Beloti Pizetta, Igor Henrique and Santos Brandao, Alexandre And
   Sarcinelli-filho, Mario},
Book-group-author = {{IEEE}},
Title = {{Cooperative Load Transportation Using Three Quadrotors}},
Booktitle = {{2019 International Conference on Unmanned Aircraft Systems (ICUAS' 19)}},
Year = {{2019}},
Pages = {{644--650}},
keywords = {loianno2018localization, mine},
}

@Inproceedings{ Isi:000494942305091,
Author = {Sarabakha, Andriy and Kayacan, Erdal},
Book-group-author = {{IEEE}},
Title = {{Online Deep Learning for Improved Trajectory Tracking of Unmanned Aerial
   Vehicles Using Expert Knowledge}},
Booktitle = {{2019 International Conference on Robotics and Automation (ICRA)}},
Year = {{2019}},
Pages = {{7727--7733}},
keywords = {loianno2018localization, mine},
}

@Inproceedings{ Isi:000483016400003,
Author = {Zhou, Hao and Lynch, Jerome and Zekkos, Dimitrios},
Title = {{Vision-based Precision Localization of UAVs for Sensor Payload Placement
   and Pickup for Field Monitoring Applications}},
Booktitle = {{Sensors and Smart Structures Technologies for Civil, Mechanical, And
   Aerospace Systems 2019}},
Year = {{2019}},
Volume = {{10970}},
Article-number = {{1097007}},
keywords = {loianno2018localization, mine},
}

@Article{ Isi:000455132600006,
Author = {Baehnemann, Rik and Pantie, Michael and Popovic, Marija and Schindler,
   Dominik and Tranzatto, Marco and Kamel, Mina and Grimm, Marius And
   Widauer, Jakob and Siegwart, Roland and Nieto, Juan},
Title = {{The ETH-MAV Team In the MBZInternational Robotics Challenge}},
Journal = {{Journal of Field Robotics}},
Year = {{2019}},
Volume = {{36}},
Number = {{1, Si}},
Pages = {{78--103}},
Month = 1,
keywords = {loianno2018localization, mine},
}

@Article{ Isi:000455132600012,
Author = {Beul, Marius and Nieuwenhuisen, Matthias and Quenzel, Jan and Rosu, Radu
   Alexandru and Horn, Jannis and Pavlichenko, Dmytro and Houben, Sebastian
   and Behnke, Sven},
Title = {{Team Nimbro At MBZIRC 2017: Fast Landing on A Moving Target and Treasure
   Hunting With A Team of Micro Aerial Vehicles}},
Journal = {{Journal of Field Robotics}},
Year = {{2019}},
Volume = {{36}},
Number = {{1, Si}},
Pages = {{204--229}},
Month = 1,
keywords = {loianno2018localization, mine},
}

@Article{ Isi:000442341000002,
Author = {Chung, Soon-jo and Paranjape, Aditya Avinash and Dames, Philip and Shen,
   Shaojie and Kumar, Vijay},
Title = {{A Survey on Aerial Swarm Robotics}},
Journal = {{IEEE Transactions on Robotics}},
Year = {{2018}},
Volume = {{34}},
Number = {{4}},
Pages = {{837--855}},
Month = 1,
keywords = {loianno2018localization, mine},
}

@Inproceedings{ Isi:000458872706029,
Author = {Baca, Tomas and Hert, Daniel and Loianno, Giuseppe and Saska, Martin And
   Kumar, Vijay},
Book-author = {{Kosecka, J}},
Title = {{Model Predictive Trajectory Tracking and Collision Avoidance For
   Reliable Outdoor Deployment of Unmanned Aerial Vehicles}},
Booktitle = {{2018 IEEE/RSJ International Conference on Intelligent Robots and Systems
   (IROS)}},
Year = {{2018}},
Pages = {{6753--6760}},
keywords = {loianno2018localization, mine},
}

@Inproceedings{ Isi:000459211400095,
Author = {Wu, Yaqi and Song, Jin and Sun, Jiabi and Zhu, Fenfang and Chen, Haoyao},
Book-group-author = {{IEEE}},
Title = {{Aerial Grasping Based on Vr Perception and Haptic Control}},
Booktitle = {{Proceedings of 2018 IEEE International Conference on Real-time Computing
   and Robotics (IEEE RCAR)}},
Year = {{2018}},
Pages = {{556--562}},
keywords = {loianno2018localization, mine},
}

@Inproceedings{ Isi:000454860700012,
Author = {Villa, Daniel K. D. and Brandao, Alexandre S. and Sarcinelli-filho,
   Mario},
Book-group-author = {{IEEE}},
Title = {{Load Transportation Using Quadrotors: A Survey of Experimental Results}},
Booktitle = {{2018 International Conference on Unmanned Aircraft Systems (ICUAS)}},
Year = {{2018}},
Pages = {{84--93}},
keywords = {loianno2018localization, mine},
}

@Inproceedings{ Isi:000454860700150,
Author = {Walter, Viktor and Saska, Martin and Franchi, Antonio},
Book-group-author = {{IEEE}},
Title = {{Fast Mutual Relative Localization of UAVs Using Ultraviolet Led Markers}},
Booktitle = {{2018 International Conference on Unmanned Aircraft Systems (ICUAS)}},
Year = {{2018}},
Pages = {{1217--1226}},
keywords = {loianno2018localization, mine},
}
