
@article{ ISI:000564977200001,
Author = {Gimenez, Javier and Salinas, Lucio R. and Gandolfo, Daniel C. and
   Rosales, Claudio D. and Carelli, Ricardo},
Title = {{Control for Cooperative Transport of A Bar-shaped Payload With
   Rotorcraft UAVs Including A Landing Stage on Mobile Robots}},
Journal = {{International Journal of Systems Science}},
Early Access Date = {{Sep 2020}},
Keywords = {Saikin2020wildfire, Mine},
}
