
@inproceedings{ ISI:000458872706029,
Author = {Baca, Tomas and Hert, Daniel and Loianno, Giuseppe and Saska, Martin and
   Kumar, Vijay},
Book-Author = {{Kosecka, J}},
Title = {{Model Predictive Trajectory Tracking and Collision Avoidance For
   Reliable Outdoor Deployment of Unmanned Aerial Vehicles}},
Booktitle = {{2018 IEEE/RSJ International Conference on Intelligent Robots and Systems
   (IROS)}},
Year = {{2018}},
Pages = {{6753--6760}},
Keywords = {Saska2016formations, Mine},
}

@Inproceedings{ Isi:000426455100049,
Author = {Brandtner, Daniel and Saska, Martin},
Book-group-author = {{IEEE}},
Title = {{Coherent Swarming of Unmanned Micro Aerial Vehicles With Minimum
   Computational and Communication Requirements}},
Booktitle = {{2017 European Conference on Mobile Robots (ECMR)}},
Year = {{2017}},
Keywords = {Saska2016formations, Mine},
}
