
@article{ ISI:000476812300009,
Author = {Vrba, Matous and Hert, Daniel and Saska, Martin},
Title = {{Onboard Marker-Less Detection and Localization of Non-Cooperating Drones
   for Their Safe Interception by an Autonomous Aerial System}},
Journal = {{IEEE Robotics and Automation Letters}},
Year = {{2019}},
Volume = {{4}},
Number = {{4}},
Pages = {{3402--3409}},
Month = {{Oct}},
Keywords = {Saska2016system},
}

@Article{ Isi:000467571900002,
Author = {Walter, Viktor and Staub, Nicolas and Franchi, Antonio and Saska, Martin},
Title = {{Uvdar System for Visual Relative Localization With Application To
   Leader-follower Formations of Multirotor UAVs}},
Journal = {{IEEE Robotics and Automation Letters}},
Year = {{2019}},
Volume = {{4}},
Number = {{3}},
Pages = {{2637--2644}},
Month = {{Jul}},
Orcid-numbers = {{Walter, Viktor/0000-0001-8693-6261
   Staub, Nicolas/0000-0002-3889-2396}},
Keywords = {Saska2016system},
}

@Article{ Isi:000475300300005,
Author = {Nilwong, Sivapong and Hossain, Delowar and Kaneko, Shin-ichiro and Capi,
   Genci},
Title = {{Deep Learning-based Landmark Detection for Mobile Robot Outdoor
   Localization}},
Journal = {{Machines}},
Year = {{2019}},
Volume = {{7}},
Number = {{2}},
Month = {{Jun}},
Article-number = {{25}},
Keywords = {Saska2016system},
}

@Article{ Isi:000463843400022,
Author = {Lopez-martinez, A. and Cuevas, F. J.},
Title = {{Automatic Circle Detection on Images Using the Teaching Learning Based
   Optimization Algorithm and Gradient Analysis}},
Journal = {{Applied Intelligence}},
Year = {{2019}},
Volume = {{49}},
Number = {{5}},
Pages = {{2001--2016}},
Month = {{May}},
Orcid-numbers = {{Lopez Martinez, Alan/0000-0003-2701-4974}},
Keywords = {Saska2016system},
}

@Article{ Isi:000458569300095,
Author = {Giernacki, Wojciech and Horla, Dariusz and Baca, Tomas and Saska, Martin},
Title = {{Real-time Model-free Minimum-seeking Autotuning Method for Unmanned
   Aerial Vehicle Controllers Based on Fibonacci-search Algorithm}},
Journal = {{Sensors}},
Year = {{2019}},
Volume = {{19}},
Number = {{2}},
Month = {{Jan 2}},
Article-number = {{312}},
Researcherid-numbers = {{Saska, Martin/l-3669-2013
   Giernacki, Wojciech/m-2225-2014
   Baca, Tomas/w-2903-2018}},
Orcid-numbers = {{Giernacki, Wojciech/0000-0003-1747-4010
   Baca, Tomas/0000-0001-9649-8277}},
Keywords = {Saska2016system},
}

@Inproceedings{ Isi:000474345000017,
Author = {Amir, Michael and Bruckstein, Alfred M.},
Book-group-author = {{Assoc Comp Machinery}},
Title = {{Minimizing Travel In the Uniform Dispersal Problem for Robotic Sensors}},
Booktitle = {{Aamas `19: Proceedings of the 18th International Conference On
   Autonomous Agents and Multiagent Systems}},
Year = {{2019}},
Pages = {{113--121}},
   Systems (Aamas), Montreal, Canada, May 13-17, 2019}},
Organization = {{Assoc Comp Machinery; Int Fdn Autonomous Agents \& Multiagent Syst; Nsf;
   Artificial Intelligence Journal; Tourisme Montreal; J P Morgan;
   Deepmind; Acm Sigai; Concordia Univ}},
Keywords = {Saska2016system},
}

@Inproceedings{ Isi:000465234300019,
Author = {Soria, Enrica and Schiano, Fabrizio and Floreano, Dario},
Book-group-author = {{IEEE}},
Title = {{The Influence of Limited Visual Sensing on the Reynolds Flocking
   Algorithm}},
Booktitle = {{2019 Third IEEE International Conference on Robotic Computing (IRC 2019)}},
Year = {{2019}},
Pages = {{138--145}},
   Italy, Feb 25-27, 2019}},
Organization = {{IEEE; IEEE Comp Soc}},
Keywords = {Saska2016system},
}

@Article{ Isi:000456364700001,
Author = {Zhang, An and Zhou, Ding and Yang, Mi and Yang, Pan},
Title = {{Finite-time Formation Control for Unmanned Aerial Vehicle Swarm System
   With Time-delay and Input Saturation}},
Journal = {{IEEE Access}},
Year = {{2019}},
Volume = {{7}},
Pages = {{5853--5864}},
Keywords = {Saska2016system},
}

@Article{ Isi:000455132600012,
Author = {Beul, Marius and Nieuwenhuisen, Matthias and Quenzel, Jan and Rosu, Radu
   Alexandru and Horn, Jannis and Pavlichenko, Dmytro and Houben, Sebastian
   and Behnke, Sven},
Title = {{Team Nimbro At MBZIRC 2017: Fast Landing on A Moving Target and Treasure
   Hunting With A Team of Micro Aerial Vehicles}},
Journal = {{Journal of Field Robotics}},
Year = {{2019}},
Volume = {{36}},
Number = {{1, Si}},
Pages = {{204--229}},
Month = {{Jan}},
Researcherid-numbers = {{Houben, Sebastian/r-1865-2019
   Behnke, Sven/b-5509-2013
   Nieuwenhuisen, Matthias/c-4205-2019
   }},
Orcid-numbers = {{Houben, Sebastian/0000-0002-2036-419x
   Behnke, Sven/0000-0002-5040-7525
   Nieuwenhuisen, Matthias/0000-0002-3706-592x
   Rosu, Radu Alexandru/0000-0001-7349-4126}},
Keywords = {Saska2016system},
}

@Article{ Isi:000447819300009,
Author = {Liu, Chang and Hu, Weiduo},
Title = {{Real-time Geometric Fitting and Pose Estimation for Surface Of
   Revolution}},
Journal = {{Pattern Recognition}},
Year = {{2019}},
Volume = {{85}},
Pages = {{90--108}},
Month = {{Jan}},
Keywords = {Saska2016system},
}

@Article{ Isi:000448463200002,
Author = {Suzuki, S.},
Title = {{Recent Researches on Innovative Drone Technologies In Robotics Field}},
Journal = {{Advanced Robotics}},
Year = {{2018}},
Volume = {{32}},
Number = {{19, Si}},
Pages = {{1008--1022}},
Month = {{Oct 2}},
Keywords = {Saska2016system},
}

@Article{ Isi:000419031900003,
Author = {Loianno, Giuseppe and Kumar, Vijay},
Title = {{Cooperative Transportation Using Small Quadrotors Using Monocular Vision
   and Inertial Sensing}},
Journal = {{IEEE Robotics and Automation Letters}},
Year = {{2018}},
Volume = {{3}},
Number = {{2}},
Pages = {{680--687}},
Month = {{Apr}},
Researcherid-numbers = {{Loianno, Giuseppe/e-7473-2017}},
Orcid-numbers = {{Loianno, Giuseppe/0000-0002-3263-5401}},
Keywords = {Saska2016system},
}

@Inproceedings{ Isi:000460536600047,
Author = {Walter, Viktor and Staub, Nicolas and Saska, Martin and Franchi, Antonio},
Title = {{Mutual Localization of UAVs Based on Blinking Ultraviolet Markers and 3d
   Time-position Hough Transform}},
Booktitle = {{2018 IEEE 14th International Conference on Automation Science And
   Engineering (CASE)}},
Year = {{2018}},
Pages = {{298--303}},
   (IEEE CASE), Tech Univ Munich, Munich, Germany, Aug 20-24, 2018}},
Organization = {{IEEE}},
Keywords = {Saska2016system},
}

@Inproceedings{ Isi:000458872700019,
Author = {Poiesi, Fabio and Cavallaro, Andrea},
Book-author = {{Kosecka, J}},
Title = {{A Distributed Vision-based Consensus Model for Aerial-robotic Teams}},
Booktitle = {{2018 IEEE/RSJ International Conference on Intelligent Robots and Systems
   (IROS)}},
Year = {{2018}},
Pages = {{169--176}},
   (IROS), Madrid, Spain, Oct 01-05, 2018}},
Organization = {{IEEE Robot \& Automat Soc; IEEE Ind Elect Soc; Robot Soc Japan; Soc
   Instrument \& Control Engineers; New Technol Fdn; IEEE; Adept
   Mobilerobots; Willow Garage; Aldebaran Robot; Natl Instruments;
   Reflexxes Gmbh; Schunk Intec S L U; Univ Carlos Iii Madrid; Bosch; Jd
   Com; Pal Robot; Kuka; Santander; Squirrel Ai Learning; Baidu; Generat
   Robots; Kinova Robot; Ouster; Univ Pablo Olavide Sevilla; Rapyuta Robot;
   Sick; Toyota; Up; Amazon; Argo; Built Robot; Disney Res; Easy Mile;
   Hitachi; Robot; Khalifa Univ; Magazino; Mathworks; New Dexterity;
   Schunk; Nutonomy; Pilz; Prophesee; Rootnik; Saga Robot; Shadow; Soft
   Bank Robot; Anyverse; Galtech; Generat Robot; IEEE Caa Journal
   Automatica Sinica; Sci Robot, Aaas; Teras}},
Orcid-numbers = {{Poiesi, Fabio/0000-0002-9769-1279}},
Keywords = {Saska2016system},
}

@Inproceedings{ Isi:000454860700008,
Author = {Giribet, Juan I. and Mas, Ignacio and Moreno, Patricio},
Book-group-author = {{IEEE}},
Title = {{Vision-based Integrated Navigation System and Optimal Allocation In
   Formation Flying}},
Booktitle = {{2018 International Conference on Unmanned Aircraft Systems (ICUAS)}},
Year = {{2018}},
Pages = {{52--61}},
   Tx, Jun 12-15, 2018}},
Organization = {{IEEE; IEEE Robotics \& Automat Soc; Css; Mca; Univ Denver; Univ Texas;
   Univ Denver, Daniel Felix Ritchie Sch Engn \& Comp Sci; Blankrome; Ft
   Technologies; Quanser; Rcbenchmark}},
Keywords = {Saska2016system},
}

@Inproceedings{ Isi:000454860700150,
Author = {Walter, Viktor and Saska, Martin and Franchi, Antonio},
Book-group-author = {{IEEE}},
Title = {{Fast Mutual Relative Localization of UAVs Using Ultraviolet Led Markers}},
Booktitle = {{2018 International Conference on Unmanned Aircraft Systems (ICUAS)}},
Year = {{2018}},
Pages = {{1217--1226}},
   Tx, Jun 12-15, 2018}},
Organization = {{IEEE; IEEE Robotics \& Automat Soc; Css; Mca; Univ Denver; Univ Texas;
   Univ Denver, Daniel Felix Ritchie Sch Engn \& Comp Sci; Blankrome; Ft
   Technologies; Quanser; Rcbenchmark}},
Researcherid-numbers = {{Saska, Martin/l-3669-2013}},
Keywords = {Saska2016system},
}

@Inproceedings{ Isi:000444831600008,
Author = {Walter, Viktor and Novak, Tomas and Saska, Martin},
Title = {{Self-localization of Unmanned Aerial Vehicles Based on Optical Flow In
   Onboard Camera Images}},
Booktitle = {{Modelling and Simulation for Autonomous Systems}},
Year = {{2018}},
Volume = {{10756}},
Pages = {{106--132}},
   Systems (MESAS), Rome, Italy, Oct 24-26, 2017}},
Organization = {{Nato Modelling \& Simulat Ctr Excellence; IEEE; IEEE Robot \& Automat
   Soc; IEEE Ras Italian Chapter; IEEE Ras Multi Robot Syst Tech Comm;
   Movimento Italiano Modellazione Simulazione; Czech Tech Univ Prague;
   Military Tech Inst; Lom Praha; Vop Cz}},
Researcherid-numbers = {{Saska, Martin/l-3669-2013}},
Keywords = {Saska2016system},
}

@Article{ Isi:000419442400003,
Author = {Lightbody, Peter and Krajnik, Tomas and Hanheide, Marc},
Title = {{An Efficient Visual Fiducial Localisation System}},
Journal = {{Applied Computing Review}},
Year = {{2017}},
Volume = {{17}},
Number = {{3}},
Pages = {{28--38}},
Month = {{Sep}},
Researcherid-numbers = {{Krajnik, Tomas/o-2339-2013
   Krajnik, Tomas/p-9137-2014}},
Orcid-numbers = {{Krajnik, Tomas/0000-0002-4408-7916
   Krajnik, Tomas/0000-0002-4408-7916}},
Keywords = {Saska2016system},
}

@Inproceedings{ Isi:000427812000089,
Author = {Saska, Martin and Kratky, Vit and Spurny, Vojtech and Baca, Tomas},
Book-group-author = {{IEEE}},
Title = {{Documentation of Dark Areas of Large Historical Buildings By A Formation
   of Unmanned Aerial Vehicles Using Model Predictive Control}},
Booktitle = {{2017 22nd IEEE International Conference on Emerging Technologies And
   Factory Automation (ETFA)}},
   Automation-}},
Year = {{2017}},
   Automation (), Limassol, Cyprus, Sep 12-15, 2017}},
Organization = {{IEEE; Abb; Ies; Univ Cyprus; Dept Elect Comp Engn}},
Researcherid-numbers = {{Saska, Martin/l-3669-2013
   Baca, Tomas/w-2903-2018}},
Orcid-numbers = {{Baca, Tomas/0000-0001-9649-8277}},
Keywords = {Saska2016system},
}

@Inproceedings{ Isi:000426957800009,
Author = {Shrit, Omar and Martin, Steven and Alagha, Khaldoun and Pujolle, Guy},
Book-group-author = {{IEEE}},
Title = {{A New Approach To Realize Drone Swarm Using Ad-hoc Network}},
Booktitle = {{2017 16th Annual Mediterranean Ad Hoc Networking Workshop (Med-Hoc-Net)}},
Year = {{2017}},
   Budva, Montenegro, Jun 28-30, 2017}},
Organization = {{IEEE; IEEE Commmun Soc; Ifip}},
Keywords = {Saska2016system},
}

@Inproceedings{ Isi:000426455100049,
Author = {Brandtner, Daniel and Saska, Martin},
Book-group-author = {{IEEE}},
Title = {{Coherent Swarming of Unmanned Micro Aerial Vehicles With Minimum
   Computational and Communication Requirements}},
Booktitle = {{2017 European Conference on Mobile Robots (ECMR)}},
Year = {{2017}},
   2017}},
Researcherid-numbers = {{Saska, Martin/l-3669-2013}},
Keywords = {Saska2016system},
}

@Inproceedings{ Isi:000426455100051,
Author = {Penicka, Robert and Saska, Martin and Reymann, Christophe and Lacroix,
   Simon},
Book-group-author = {{IEEE}},
Title = {{Reactive Dubins Traveling Salesman Problem for Replanning of Information
   Gathering By UAVs}},
Booktitle = {{2017 European Conference on Mobile Robots (ECMR)}},
Year = {{2017}},
   2017}},
Researcherid-numbers = {{Saska, Martin/l-3669-2013}},
Keywords = {Saska2016system},
}

@Article{ Isi:000390027900029,
Author = {Saska, Martin and Vonasek, Vojtech and Chudoba, Jan and Thomas, Justin
   and Loianno, Giuseppe and Kumar, Vijay},
Title = {{Swarm Distribution and Deployment for Cooperative Surveillance By
   Micro-aerial Vehicles}},
Journal = {{Journal of Intelligent \& Robotic Systems}},
Year = {{2016}},
Volume = {{84}},
Number = {{1-4, Si}},
Pages = {{469--492}},
Month = {{Dec}},
Researcherid-numbers = {{Saska, Martin/l-3669-2013
   Loianno, Giuseppe/e-7473-2017
   }},
Orcid-numbers = {{Loianno, Giuseppe/0000-0002-3263-5401
   Thomas, Justin/0000-0002-4253-417x}},
Keywords = {Saska2016system},
}
