
@article{ ISI:000521175700001,
Author = {Isakhani, Hamid and Aouf, Nabil and Kechagias-Stamatis, Odysseas and
   Whidborne, James F.},
Title = {{A Furcated Visual Collision Avoidance System for an Autonomous
   Microrobot}},
Journal = {{IEEE Transactions on Cognitive and Developmental Systems}},
Year = {{2020}},
Volume = {{12}},
Number = {{1}},
Pages = {{1--11}},
Month = 1,
keywords = {saska2017system, mine},
}

@Article{ Isi:000506330700001,
Author = {Zaini, Abdul Hanif and Xie, Lihua},
Title = {{Distributed Drone Traffic Coordination Using Triggered Communication}},
Journal = {{Unmanned Systems}},
Year = {{2020}},
Volume = {{8}},
Number = {{1}},
Pages = {{1--20}},
Month = 1,
keywords = {saska2017system, mine},
}

@Article{ Isi:000500280200020,
Author = {Wang, Zhanxiu and Liu, Tengfei},
Title = {{Coordinated Formation Control of Wheeled Mobile Robots With Switching
   Communication Topologies}},
Journal = {{Iet Control Theory and Applications}},
Year = {{2019}},
Volume = {{13}},
Number = {{18}},
Pages = {{3164--3173}},
Month = 1,
keywords = {saska2017system, mine},
}

@Article{ Isi:000500962800002,
Author = {Martinez, Pablo and Barczyk, Martin},
Title = {{Implementation and Optimization of the Cascade Classifier Algorithm For
   UAV Detection and Tracking}},
Journal = {{Journal of Unmanned Vehicle Systems}},
Year = {{2019}},
Volume = {{7}},
Number = {{4}},
Pages = {{296--311}},
Month = 1,
keywords = {saska2017system, mine},
}

@Article{ Isi:000497864700086,
Author = {Tian, Xin and Wei, Guoliang and Wang, Jianhua and Zhang, Dianchen},
Title = {{A Localization and Tracking Approach In Nlos Environment Based On
   Distance and Angle Probability Model}},
Journal = {{Sensors}},
Year = {{2019}},
Volume = {{19}},
Number = {{20}},
Month = 1,
Article-number = {{4438}},
keywords = {saska2017system, mine},
}

@Article{ Isi:000494827600016,
Author = {Schilling, Fabian and Lecoeur, Julien and Schiano, Fabrizio And
   Floreano, Dario},
Title = {{Learning Vision-based Flight In Drone Swarms By Imitation}},
Journal = {{IEEE Robotics and Automation Letters}},
Year = {{2019}},
Volume = {{4}},
Number = {{4}},
Pages = {{4523--4530}},
Month = 1,
keywords = {saska2017system, mine},
}

@Article{ Isi:000476812300009,
Author = {Vrba, Matous and Hert, Daniel and Saska, Martin},
Title = {{Onboard Marker-less Detection and Localization of Non-cooperating Drones
   for Their Safe Interception By An Autonomous Aerial System}},
Journal = {{IEEE Robotics and Automation Letters}},
Year = {{2019}},
Volume = {{4}},
Number = {{4}},
Pages = {{3402--3409}},
Month = 1,
keywords = {saska2017system, mine},
}

@Article{ Isi:000467571900002,
Author = {Walter, Viktor and Staub, Nicolas and Franchi, Antonio and Saska, Martin},
Title = {{Uvdar System for Visual Relative Localization With Application To
   Leader-follower Formations of Multirotor UAVs}},
Journal = {{IEEE Robotics and Automation Letters}},
Year = {{2019}},
Volume = {{4}},
Number = {{3}},
Pages = {{2637--2644}},
Month = 1,
keywords = {saska2017system, mine},
}

@Article{ Isi:000475300300005,
Author = {Nilwong, Sivapong and Hossain, Delowar and Kaneko, Shin-ichiro and Capi,
   Genci},
Title = {{Deep Learning-based Landmark Detection for Mobile Robot Outdoor
   Localization}},
Journal = {{Machines}},
Year = {{2019}},
Volume = {{7}},
Number = {{2}},
Month = 1,
Article-number = {{25}},
keywords = {saska2017system, mine},
}

@Article{ Isi:000463843400022,
Author = {Lopez-martinez, A. and Cuevas, F. J.},
Title = {{Automatic Circle Detection on Images Using the Teaching Learning Based
   Optimization Algorithm and Gradient Analysis}},
Journal = {{Applied Intelligence}},
Year = {{2019}},
Volume = {{49}},
Number = {{5}},
Pages = {{2001--2016}},
Month = 1,
keywords = {saska2017system, mine},
}

@Article{ Isi:000458569300095,
Author = {Giernacki, Wojciech and Horla, Dariusz and Baca, Tomas and Saska, Martin},
Title = {{Real-time Model-free Minimum-seeking Autotuning Method for Unmanned
   Aerial Vehicle Controllers Based on Fibonacci-search Algorithm}},
Journal = {{Sensors}},
Year = {{2019}},
Volume = {{19}},
Number = {{2}},
Month = 1,
Article-number = {{312}},
keywords = {saska2017system, mine},
}

@Article{ Isi:000510255100019,
Author = {Erez, Dana and Arogeti, Shai and Zarrouk, David},
Title = {{A Novel Simple Two-robot Precise Self-localization Method}},
Journal = {{IEEE Access}},
Year = {{2019}},
Volume = {{7}},
Pages = {{154044--154055}},
keywords = {saska2017system, mine},
}

@Article{ Isi:000498616600001,
Author = {Shen, Dawei and Lu, Qiang},
Title = {{Hierarchical Formation Control With Applications To Multi-quadrotor
   Systems}},
Journal = {{IEEE Access}},
Year = {{2019}},
Volume = {{7}},
Pages = {{130599--130609}},
keywords = {saska2017system, mine},
}

@Inproceedings{ Isi:000474345000017,
Author = {Amir, Michael and Bruckstein, Alfred M.},
Book-group-author = {{Assoc Comp Machinery}},
Title = {{Minimizing Travel In the Uniform Dispersal Problem for Robotic Sensors}},
Booktitle = {{Aamas `19: Proceedings of the 18th International Conference On
   Autonomous Agents and Multiagent Systems}},
Year = {{2019}},
Pages = {{113--121}},
keywords = {saska2017system, mine},
}

@Inproceedings{ Isi:000465234300019,
Author = {Soria, Enrica and Schiano, Fabrizio and Floreano, Dario},
Book-group-author = {{IEEE}},
Title = {{The Influence of Limited Visual Sensing on the Reynolds Flocking
   Algorithm}},
Booktitle = {{2019 Third IEEE International Conference on Robotic Computing (IRC 2019)}},
Year = {{2019}},
Pages = {{138--145}},
keywords = {saska2017system, mine},
}

@Article{ Isi:000456364700001,
Author = {Zhang, An and Zhou, Ding and Yang, Mi and Yang, Pan},
Title = {{Finite-time Formation Control for Unmanned Aerial Vehicle Swarm System
   With Time-delay and Input Saturation}},
Journal = {{IEEE Access}},
Year = {{2019}},
Volume = {{7}},
Pages = {{5853--5864}},
keywords = {saska2017system, mine},
}

@Article{ Isi:000455132600012,
Author = {Beul, Marius and Nieuwenhuisen, Matthias and Quenzel, Jan and Rosu, Radu
   Alexandru and Horn, Jannis and Pavlichenko, Dmytro and Houben, Sebastian
   and Behnke, Sven},
Title = {{Team Nimbro At MBZIRC 2017: Fast Landing on A Moving Target and Treasure
   Hunting With A Team of Micro Aerial Vehicles}},
Journal = {{Journal of Field Robotics}},
Year = {{2019}},
Volume = {{36}},
Number = {{1, Si}},
Pages = {{204--229}},
Month = 1,
keywords = {saska2017system, mine},
}

@Article{ Isi:000447819300009,
Author = {Liu, Chang and Hu, Weiduo},
Title = {{Real-time Geometric Fitting and Pose Estimation for Surface Of
   Revolution}},
Journal = {{Pattern Recognition}},
Year = {{2019}},
Volume = {{85}},
Pages = {{90--108}},
Month = 1,
keywords = {saska2017system, mine},
}

@Article{ Isi:000448463200002,
Author = {Suzuki, S.},
Title = {{Recent Researches on Innovative Drone Technologies In Robotics Field}},
Journal = {{Advanced Robotics}},
Year = {{2018}},
Volume = {{32}},
Number = {{19, Si}},
Pages = {{1008--1022}},
Month = 1,
keywords = {saska2017system, mine},
}

@Article{ Isi:000442341000002,
Author = {Chung, Soon-jo and Paranjape, Aditya Avinash and Dames, Philip and Shen,
   Shaojie and Kumar, Vijay},
Title = {{A Survey on Aerial Swarm Robotics}},
Journal = {{IEEE Transactions on Robotics}},
Year = {{2018}},
Volume = {{34}},
Number = {{4}},
Pages = {{837--855}},
Month = 1,
keywords = {saska2017system, mine},
}

@Article{ Isi:000419031900003,
Author = {Loianno, Giuseppe and Kumar, Vijay},
Title = {{Cooperative Transportation Using Small Quadrotors Using Monocular Vision
   and Inertial Sensing}},
Journal = {{IEEE Robotics and Automation Letters}},
Year = {{2018}},
Volume = {{3}},
Number = {{2}},
Pages = {{680--687}},
Month = 1,
keywords = {saska2017system, mine},
}

@Inproceedings{ Isi:000492762400123,
Author = {Kohlbacher, Anton and Eliasson, Jens and Acres, Kevin and Chung, Hoam
   and Barca, Jan Carlo},
Book-group-author = {{IEEE}},
Title = {{A Low Cost Omnidirectional Relative Localization Sensor for Swarm
   Applications}},
Booktitle = {{2018 IEEE 4th World Forum on Internet of Things (Wf-iot)}},
Year = {{2018}},
Pages = {{694--699}},
keywords = {saska2017system, mine},
}

@Inproceedings{ Isi:000460536600047,
Author = {Walter, Viktor and Staub, Nicolas and Saska, Martin and Franchi, Antonio},
Title = {{Mutual Localization of UAVs Based on Blinking Ultraviolet Markers and 3d
   Time-position Hough Transform}},
Booktitle = {{2018 IEEE 14th International Conference on Automation Science And
   Engineering (CASE)}},
Year = {{2018}},
Pages = {{298--303}},
keywords = {saska2017system, mine},
}

@Inproceedings{ Isi:000458872700019,
Author = {Poiesi, Fabio and Cavallaro, Andrea},
Book-author = {{Kosecka, J}},
Title = {{A Distributed Vision-based Consensus Model for Aerial-robotic Teams}},
Booktitle = {{2018 IEEE/RSJ International Conference on Intelligent Robots and Systems
   (IROS)}},
Year = {{2018}},
Pages = {{169--176}},
keywords = {saska2017system, mine},
}

@Inproceedings{ Isi:000454860700008,
Author = {Giribet, Juan I. and Mas, Ignacio and Moreno, Patricio},
Book-group-author = {{IEEE}},
Title = {{Vision-based Integrated Navigation System and Optimal Allocation In
   Formation Flying}},
Booktitle = {{2018 International Conference on Unmanned Aircraft Systems (ICUAS)}},
Year = {{2018}},
Pages = {{52--61}},
keywords = {saska2017system, mine},
}

@Inproceedings{ Isi:000454860700150,
Author = {Walter, Viktor and Saska, Martin and Franchi, Antonio},
Book-group-author = {{IEEE}},
Title = {{Fast Mutual Relative Localization of UAVs Using Ultraviolet Led Markers}},
Booktitle = {{2018 International Conference on Unmanned Aircraft Systems (ICUAS)}},
Year = {{2018}},
Pages = {{1217--1226}},
keywords = {saska2017system, mine},
}

@Inproceedings{ Isi:000444831600008,
Author = {Walter, Viktor and Novak, Tomas and Saska, Martin},
Title = {{Self-localization of Unmanned Aerial Vehicles Based on Optical Flow In
   Onboard Camera Images}},
Booktitle = {{Modelling and Simulation for Autonomous Systems}},
Year = {{2018}},
Volume = {{10756}},
Pages = {{106--132}},
keywords = {saska2017system, mine},
}

@Inproceedings{ Isi:000520032900013,
Author = {Schmittle, Matt and Lukina, Anna and Vacek, Lukas and Das, Jnaneshwar
   and Buskirk, Christopher P. and Rees, Stephen and Sztipanovits, Janos
   and Grosu, Radu and Kumar, Vijay},
Book-group-author = {{IEEE}},
Title = {{OpenUAV: A UAV Testbed for the Cps and Robotics Community}},
Booktitle = {{2018 9th Acm/IEEE International Conference on Cyber-physical Systems
   (Iccps 2018)}},
Year = {{2018}},
Pages = {{130--139}},
keywords = {saska2017system, mine},
}

@Inproceedings{ Isi:000505811102080,
Author = {Maeda, Keigo and Funabora, Yuki and Doki, Shinji and Doki, Kae},
Book-group-author = {{IEEE}},
Title = {{Flight Path Planning of Multiple UAVs for Robust Localization Near
   Infrastructure Facilities}},
Booktitle = {{Iecon 2018 - 44th Annual Conference of the IEEE Industrial Electronics
   Society}},
Year = {{2018}},
Pages = {{2522--2527}},
keywords = {saska2017system, mine},
}

@Article{ Isi:000419442400003,
Author = {Lightbody, Peter and Krajnik, Tomas and Hanheide, Marc},
Title = {{An Efficient Visual Fiducial Localisation System}},
Journal = {{Applied Computing Review}},
Year = {{2017}},
Volume = {{17}},
Number = {{3}},
Pages = {{28--38}},
Month = 1,
keywords = {saska2017system, mine},
}

@Inproceedings{ Isi:000427812000089,
Author = {Saska, Martin and Kratky, Vit and Spurny, Vojtech and Baca, Tomas},
Book-group-author = {{IEEE}},
Title = {{Documentation of Dark Areas of Large Historical Buildings By A Formation
   of Unmanned Aerial Vehicles Using Model Predictive Control}},
Booktitle = {{2017 22nd IEEE International Conference on Emerging Technologies And
   Factory Automation (ETFA)}},
Year = {{2017}},
keywords = {saska2017system, mine},
}

@Inproceedings{ Isi:000426957800009,
Author = {Shrit, Omar and Martin, Steven and Alagha, Khaldoun and Pujolle, Guy},
Book-group-author = {{IEEE}},
Title = {{A New Approach To Realize Drone Swarm Using Ad-hoc Network}},
Booktitle = {{2017 16th Annual Mediterranean Ad Hoc Networking Workshop (Med-Hoc-Net)}},
Year = {{2017}},
keywords = {saska2017system, mine},
}

@Inproceedings{ Isi:000426455100049,
Author = {Brandtner, Daniel and Saska, Martin},
Book-group-author = {{IEEE}},
Title = {{Coherent Swarming of Unmanned Micro Aerial Vehicles With Minimum
   Computational and Communication Requirements}},
Booktitle = {{2017 European Conference on Mobile Robots (ECMR)}},
Year = {{2017}},
keywords = {saska2017system, mine},
}

@Inproceedings{ Isi:000426455100051,
Author = {Penicka, Robert and Saska, Martin and Reymann, Christophe and Lacroix,
   Simon},
Book-group-author = {{IEEE}},
Title = {{Reactive Dubins Traveling Salesman Problem for Replanning of Information
   Gathering By UAVs}},
Booktitle = {{2017 European Conference on Mobile Robots (ECMR)}},
Year = {{2017}},
keywords = {saska2017system, mine},
}
