
@inproceedings{ ISI:000427812000089,
Author = {Saska, Martin and Kratky, Vit and Spurny, Vojtech and Baca, Tomas},
Book-Group-Author = {{IEEE}},
Title = {{Documentation of Dark Areas of Large Historical Buildings by a Formation
   of Unmanned Aerial Vehicles using Model Predictive Control}},
Booktitle = {{2017 22nd IEEE International Conference on Emerging Technologies And
   Factory Automation (ETFA)}},
Year = {{2017}},
keywords = {spurny2016complex, mine},
}

@Inproceedings{ Isi:000426455100049,
Author = {Brandtner, Daniel and Saska, Martin},
Book-group-author = {{IEEE}},
Title = {{Coherent Swarming of Unmanned Micro Aerial Vehicles With Minimum
   Computational and Communication Requirements}},
Booktitle = {{2017 European Conference on Mobile Robots (ECMR)}},
Year = {{2017}},
keywords = {spurny2016complex, mine},
}

@Inproceedings{ Isi:000405520900202,
Author = {Saska, Martin and Baca, Tomas and Hert, Daniel},
Book-group-author = {{IEEE}},
Title = {{Formations of Unmanned Micro Aerial Vehicles Led By Migrating Virtual
   Leader}},
Booktitle = {{2016 14th International Conference on Control, Automation, Robotics And
   Vision (ICARCV)}},
Year = {{2016}},
keywords = {spurny2016complex, mine},
}
