
@article{ ISI:000478758000020,
Author = {Goslinski, Jaroslaw and Giernacki, Wojciech and Krolikowski, Andrzej},
Title = {{A Nonlinear Filter for Efficient Attitude Estimation of Unmanned Aerial
   Vehicle (UAV)}},
Journal = {{Journal of Intelligent \& Robotic Systems}},
Year = {{2019}},
Volume = {{95}},
Number = {{3-4}},
Pages = {{1079--1095}},
Month = {{Sep}},
keywords = {spurny2018cooperative, mine},
}

@Article{ Isi:000460696500034,
Author = {Giernacki, Wojciech},
Title = {{Iterative Learning Method for In-flight Auto-tuning of UAV Controllers
   Based on Basic Sensory Information}},
Journal = {{Applied Sciences-basel}},
Year = {{2019}},
Volume = {{9}},
Number = {{4}},
Month = {{Feb 2}},
Article-number = {{648}},
keywords = {spurny2018cooperative, mine},
}

@Article{ Isi:000455132600015,
Author = {Faigl, Jan and Vana, Petr and Penicka, Robert and Saska, Martin},
Title = {{Unsupervised Learning-based Flexible Framework for Surveillance Planning
   With Aerial Vehicles}},
Journal = {{Journal of Field Robotics}},
Year = {{2019}},
Volume = {{36}},
Number = {{1, Si}},
Pages = {{270--301}},
Month = {{Jan}},
keywords = {spurny2018cooperative, mine},
}

@Inproceedings{ Isi:000458872706029,
Author = {Baca, Tomas and Hert, Daniel and Loianno, Giuseppe and Saska, Martin And
   Kumar, Vijay},
Book-author = {{Kosecka, J}},
Title = {{Model Predictive Trajectory Tracking and Collision Avoidance For
   Reliable Outdoor Deployment of Unmanned Aerial Vehicles}},
Booktitle = {{2018 IEEE/RSJ International Conference on Intelligent Robots and Systems
   (IROS)}},
Year = {{2018}},
Pages = {{6753--6760}},
keywords = {spurny2018cooperative, mine},
}
