
@article{ ISI:000520954200018,
Author = {Jackson, Brian E. and Howell, Taylor A. and Shah, Kunal and Schwager,
   Mac and Manchester, Zachary},
Title = {{Scalable Cooperative Transport of Cable-Suspended Loads With UAVs Using
   Distributed Trajectory Optimization}},
Journal = {{IEEE Robotics and Automation Letters}},
Year = {{2020}},
Volume = {{5}},
Number = {{2}},
Pages = {{3368--3374}},
Month = 1,
keywords = {spurny2019cooperative, mine},
}

@Article{ Isi:000521770500001,
Author = {Saska, Martin and Hert, Daniel and Baca, Tomas and Kratky, Vit And
   Nascimento, Tiago},
Title = {{Formation Control of Unmanned Micro Aerial Vehicles for Straitened
   Environments}},
Journal = {{Autonomous Robots}},
Early Access Date = {{Mar 2020}},
keywords = {spurny2019cooperative, mine},
}

@Article{ Isi:000476812300009,
Author = {Vrba, Matous and Hert, Daniel and Saska, Martin},
Title = {{Onboard Marker-less Detection and Localization of Non-cooperating Drones
   for Their Safe Interception By An Autonomous Aerial System}},
Journal = {{IEEE Robotics and Automation Letters}},
Year = {{2019}},
Volume = {{4}},
Number = {{4}},
Pages = {{3402--3409}},
Month = 1,
keywords = {spurny2019cooperative, mine},
}

@Article{ Isi:000484454000012,
Author = {Mohiuddin, Abdullah and Taha, Tarek and Zweiri, Yahya and Gan, Dongming},
Title = {{UAV Payload Transportation Via Rtdp Based Optimized Velocity Profiles}},
Journal = {{Energies}},
Year = {{2019}},
Volume = {{12}},
Number = {{16}},
Month = 1,
Article-number = {{3049}},
keywords = {spurny2019cooperative, mine},
}

@Article{ Isi:000475466200002,
Author = {Tomas, Baca and Stepan, Petr and Vojtech, Spurny and Hert, Daniel And
   Penicka, Robert and Saska, Martin and Thomas, Justin and Loianno,
   Giuseppe and Kumar, Vijay},
Title = {{Autonomous Landing on A Moving Vehicle With An Unmanned Aerial Vehicle}},
Journal = {{Journal of Field Robotics}},
Year = {{2019}},
Volume = {{36}},
Number = {{5}},
Pages = {{874--891}},
Month = 1,
keywords = {spurny2019cooperative, mine},
}

@Article{ Isi:000458569300095,
Author = {Giernacki, Wojciech and Horla, Dariusz and Baca, Tomas and Saska, Martin},
Title = {{Real-time Model-free Minimum-seeking Autotuning Method for Unmanned
   Aerial Vehicle Controllers Based on Fibonacci-search Algorithm}},
Journal = {{Sensors}},
Year = {{2019}},
Volume = {{19}},
Number = {{2}},
Month = 1,
Article-number = {{312}},
keywords = {spurny2019cooperative, mine},
}

@Inproceedings{ Isi:000494942302035,
Author = {Faigl, Jan and Vana, Petr and Penicka, Robert},
Book-group-author = {{IEEE}},
Title = {{Multi-vehicle Close Enough Orienteering Problem With Bezier Curves For
   Multi-rotor Aerial Vehicles}},
Booktitle = {{2019 International Conference on Robotics and Automation (ICRA)}},
Year = {{2019}},
Pages = {{3039--3044}},
keywords = {spurny2019cooperative, mine},
}
