
@article{ ISI:000535360000011,
Author = {Hudec, Rene and Amati, Lorenzo and Frontera, Filippo and Bozzo, Enrico
   and O'Brien, Paul T. and Goetz, Diego and Simon, Vojtech},
Title = {{ESA THESEUS and Czech participation}},
Journal = {{Astronomische Nachrichten}},
Year = {{2020}},
Volume = {{341}},
Number = {{3}},
Pages = {{348--355}},
Month = 1,
keywords = {urban2017VZLUSAT, mine},
}

@Article{ Isi:000528039600040,
Author = {Urban, M. and Doubravova, D. and Nentvich, O.},
Title = {{Thermal Vacuum Testing of Timepix3 Detector}},
Journal = {{Journal of Instrumentation}},
Year = {{2020}},
Volume = {{15}},
Number = {{3}},
Month = 1,
Article-number = {{C03040}},
keywords = {urban2017VZLUSAT, mine},
}

@Article{ Isi:000515747100011,
Author = {Lopez-salamanca, Julian J. and Seman, Laio Oriel and Berejuck, Marcelo
   D. and Bezerra, Eduardo A.},
Title = {{Finite-state Markov Chains Channel Model for Cubesats Communication
   Uplink}},
Journal = {{IEEE Transactions on Aerospace and Electronic Systems}},
Year = {{2020}},
Volume = {{56}},
Number = {{1}},
Pages = {{142--154}},
Month = 1,
keywords = {urban2017VZLUSAT, mine},
}

@Article{ Isi:000491150100001,
Author = {Sieger, Ladislav and Nentvich, Ondrej and Urban, Martin},
Title = {{Satellite Temperature Measurement In Leo and Improvement Method Of
   Temperature Sensors Calibration Based on the Measured Data}},
Journal = {{Astronomische Nachrichten}},
Year = {{2019}},
Volume = {{340}},
Number = {{7, Si}},
Pages = {{652--657}},
Month = 1,
Early Access Date = {{Oct 2019}},
keywords = {urban2017VZLUSAT, mine},
}

@Article{ Isi:000493339600019,
Author = {Filgas, Robert and Malich, Milan and Kuwahara, Toshinori and Broulim,
   Jan and Holik, Michael and Sakal, Morokot and Murata, Yu and Tomio,
   Hannah and Gohl, Stefan and Pineda, Johan M. T.},
Title = {{Risepix-a Timepix-based Radiation Monitor Telescope Onboard the Risesat
   Satellite}},
Journal = {{Astronomische Nachrichten}},
Year = {{2019}},
Volume = {{340}},
Number = {{7, Si}},
Pages = {{674--680}},
Month = 1,
keywords = {urban2017VZLUSAT, mine},
}

@Article{ Isi:000474487700002,
Author = {Daniel, V and Inneman, A. and Vertat, I and Baca, T. and Nentvich, O.
   and Urban, M. and Stehlikova, V and Sieger, L. and Skala, P. and Filgas,
   R. and Zadrazil, V and Linhart, R. and Masopust, J. and Jamroz, T. And
   Pina, L. and Marsikova, V and Mikulickova, L. and Belas, E. And
   Pospisil, S. and Vykydal, Z. and Mora, Y. and Pavlica, R.},
Title = {{In-orbit Commissioning of Czech Nanosatellite VZLUSAT-1 for the Qb50
   Mission With A Demonstrator of A Miniaturised Lobster-eye X-Ray
   Telescope and Radiation Shielding Composite Materials}},
Journal = {{Space Science Reviews}},
Year = {{2019}},
Volume = {{215}},
Number = {{5}},
Month = 1,
Article-number = {{Unsp 40}},
keywords = {urban2017VZLUSAT, mine},
}

@Article{ Isi:000459643100003,
Author = {Furnell, Will and Shenoy, Abhishek and Fox, Elliot and Hatfield, Peter},
Title = {{First Results From the Lucid-timepix Spacecraft Payload Onboard The
   Techdemosat-1 Satellite In Low Earth Orbit}},
Journal = {{Advances In Space Research}},
Year = {{2019}},
Volume = {{63}},
Number = {{5}},
Pages = {{1523--1540}},
Month = 1,
keywords = {urban2017VZLUSAT, mine},
}

@Inproceedings{ Isi:000535354700003,
Author = {Daniel, V. and Hudec, R. and Baca, T. and Pina, L. and Inneman, A. And
   Marsikova, V. and Urban, M. and Nentvich, O. and Stehlikova, V. And
   Tutt, J.},
Title = {{Rex Le X-Ray Telescope Experiment Overview}},
Booktitle = {{EUV and X-Ray Optics: Synergy Between Laboratory and Space Vi}},
Year = {{2019}},
Volume = {{11032}},
Article-number = {{Unsp 1103206}},
keywords = {urban2017VZLUSAT, mine},
}

@Inproceedings{ Isi:000535354700002,
Author = {Hudec, R.},
Title = {{X/EUV and UV Optics for Miniature Cube Satellites Payloads}},
Booktitle = {{EUV and X-Ray Optics: Synergy Between Laboratory and Space Vi}},
Year = {{2019}},
Volume = {{11032}},
Article-number = {{Unsp 1103204}},
keywords = {urban2017VZLUSAT, mine},
}

@Inproceedings{ Isi:000535354700001,
Author = {Pina, L. and Hudec, R. and Inneman, A. and Marsikova, V. and Baca, T.
   and Stehlikova, V. and Daniel, V. and Tutt, J.},
Title = {{Multifoil Optics for Rocket Experiments}},
Booktitle = {{EUV and X-Ray Optics: Synergy Between Laboratory and Space Vi}},
Year = {{2019}},
Volume = {{11032}},
Article-number = {{Unsp 1103203}},
keywords = {urban2017VZLUSAT, mine},
}

@Inproceedings{ Isi:000535353700016,
Author = {Pina, L. and Hudec, R. and Marsikova, V. and Inneman, A. and Oberta, P.
   and Havlikova, R.},
Title = {{X-Ray Multi-foil Optical System for Cubesat Demonstrator}},
Booktitle = {{Advances In X-Ray/EUV Optics and Components Xiv}},
Year = {{2019}},
Volume = {{11108}},
Article-number = {{Unsp 111080y}},
keywords = {urban2017VZLUSAT, mine},
}

@Inproceedings{ Isi:000511172300035,
Author = {Urban, Martin and Nentvich, Ondrej and Doubravova, Daniela and Petr,
   Ondrej and Inneman, Adolf and Hudec, Rene and Sieger, Ladislav},
Title = {{Timepix: Influence of Temperature and Vacuum on Equalisation of X-Ray
   Detector and Its Verification}},
Booktitle = {{UV, X-Ray, and Gamma-ray Space Instrumentation for Astronomy XXI}},
Year = {{2019}},
Volume = {{11118}},
Article-number = {{Unsp 111181h}},
keywords = {urban2017VZLUSAT, mine},
}

@Article{ Isi:000450394200001,
Author = {Baca, T. and Jilek, M. and Vertat, I. and Urban, M. and Nentvich, O. And
   Filgas, R. and Granja, C. and Inneman, A. and Daniel, V.},
Title = {{Timepix In Leo Orbit Onboard the VZLUSAT-1 Nanosatellite: 1-year Of
   Space Radiation Dosimetry Measurements}},
Journal = {{Journal of Instrumentation}},
Year = {{2018}},
Volume = {{13}},
Month = 1,
Article-number = {{C11010}},
keywords = {urban2017VZLUSAT, mine},
}

@Article{ Isi:000448512600001,
Author = {Hatfield, P. and Furnell, W. and Shenoy, A. and Fox, E. and Parker, R.
   and Thomas, L.},
Title = {{The Lucid-timepix Spacecraft Payload and the CERN school Educational
   Programme}},
Journal = {{Journal of Instrumentation}},
Year = {{2018}},
Volume = {{13}},
Month = 1,
Article-number = {{C10004}},
keywords = {urban2017VZLUSAT, mine},
}

@Article{ Isi:000444072500010,
Author = {Urban, M. and Nentvich, O. and Stehlikova, V. and Sieger, L. And
   Mikulickova, L.},
Title = {{Outgassing Monitor on VZLUSAT-1: Preliminary Results}},
Journal = {{Astronomische Nachrichten}},
Year = {{2018}},
Volume = {{339}},
Number = {{5, Si}},
Pages = {{367--370}},
Month = 1,
keywords = {urban2017VZLUSAT, mine},
}

@Article{ Isi:000444072500013,
Author = {Stehlikova, V. and Urban, M. and Nentvich, O. and Sieger, L.},
Title = {{Radiation Resistance Monitor on VZLUSAT-1: Preliminary Results}},
Journal = {{Astronomische Nachrichten}},
Year = {{2018}},
Volume = {{339}},
Number = {{5, Si}},
Pages = {{382--385}},
Month = 1,
keywords = {urban2017VZLUSAT, mine},
}

@Article{ Isi:000444072500014,
Author = {Filgas, R.},
Title = {{Space Radiation Monitoring With Timepix}},
Journal = {{Astronomische Nachrichten}},
Year = {{2018}},
Volume = {{339}},
Number = {{5, Si}},
Pages = {{386--390}},
Month = 1,
keywords = {urban2017VZLUSAT, mine},
}

@Article{ Isi:000444072500016,
Author = {Nentvich, O. and Urban, M. and Stehlikova, V. and Sieger, L. And
   Inneman, A.},
Title = {{VZLUSAT-1: Health Monitoring System, Preliminary Results}},
Journal = {{Astronomische Nachrichten}},
Year = {{2018}},
Volume = {{339}},
Number = {{5, Si}},
Pages = {{397--402}},
Month = 1,
keywords = {urban2017VZLUSAT, mine},
}

@Article{ Isi:000444072500020,
Author = {Hudec, R.},
Title = {{Low-dispersion Spectroscopy With Cubesats and Photographic Plates}},
Journal = {{Astronomische Nachrichten}},
Year = {{2018}},
Volume = {{339}},
Number = {{5, Si}},
Pages = {{416--419}},
Month = 1,
keywords = {urban2017VZLUSAT, mine},
}

@Article{ Isi:000432795000001,
Author = {Hudec, R.},
Title = {{Axro Introduction and Historical Background}},
Journal = {{Contributions of the Astronomical Observatory Skalnate Pleso}},
Year = {{2018}},
Volume = {{48}},
Number = {{3}},
Pages = {{396--404}},
keywords = {urban2017VZLUSAT, mine},
}

@Article{ Isi:000432795000008,
Author = {Hudec, R. and Pina, L. and Marsikova, V. and Nentvich, O. and Urban, M.
   and Inneman, A.},
Title = {{Lobster Eye X-Ray Optics for Astrophysics: Recent Status}},
Journal = {{Contributions of the Astronomical Observatory Skalnate Pleso}},
Year = {{2018}},
Volume = {{48}},
Number = {{3}},
Pages = {{456--465}},
keywords = {urban2017VZLUSAT, mine},
}

@Article{ Isi:000410733700012,
Author = {Urban, M. and Nentvich, O. and Stehlikova, V. and Sieger, L.},
Title = {{Detection of X-Ray Spectra and Images By Timepix}},
Journal = {{Contributions of the Astronomical Observatory Skalnate Pleso}},
Year = {{2017}},
Volume = {{47}},
Number = {{2}},
Pages = {{151--156}},
keywords = {urban2017VZLUSAT, mine},
}

@Article{ Isi:000410733700014,
Author = {Stehlikova, V. and Urban, M. and Nentvich, O. and Daniel, V. and Sieger,
   L. and Tutt, J.},
Title = {{Hard X-Ray Vela Supernova Observation on Rocket Experiment WRX-R}},
Journal = {{Contributions of the Astronomical Observatory Skalnate Pleso}},
Year = {{2017}},
Volume = {{47}},
Number = {{2}},
Pages = {{165--169}},
keywords = {urban2017VZLUSAT, mine},
}

@Article{ Isi:000410733700016,
Author = {Nentvich, O. and Urban, M. and Stehlikova, V. and Sieger, L. and Hudec,
   R.},
Title = {{Lobster Eye X-Ray Optics: Data Processing From Two 1d Modules}},
Journal = {{Contributions of the Astronomical Observatory Skalnate Pleso}},
Year = {{2017}},
Volume = {{47}},
Number = {{2}},
Pages = {{178--183}},
keywords = {urban2017VZLUSAT, mine},
}

@Inproceedings{ Isi:000406801200016,
Author = {Nentvich, Ondrej and Stehlikova, Veronika and Urban, Martin and Hudec,
   Rene and Sieger, Lasislav},
Title = {{Data Processing From Lobster Eye Type Optics}},
Booktitle = {{EUV and X-Ray Optics: Synergy Between Laboratory and Space V}},
Year = {{2017}},
Volume = {{10235}},
Article-number = {{Unsp 102350n}},
keywords = {urban2017VZLUSAT, mine},
}

@Inproceedings{ Isi:000406801200003,
Author = {Stehlikova, Veronika and Urban, Martin and Nentvich, Ondrej and Inneman,
   Adolf and Doehring, Thorsten and Probst, Anne-catherine},
Title = {{Study of Lobster Eye Optics With Iridium Coated X-Ray Mirrors for A
   Rocket Experiment}},
Booktitle = {{EUV and X-Ray Optics: Synergy Between Laboratory and Space V}},
Year = {{2017}},
Volume = {{10235}},
Article-number = {{1023505}},
keywords = {urban2017VZLUSAT, mine},
}
