
@article{ ISI:000552932300002,
Author = {He, XiaoYan and Wang, QingYun and Hao, YuQing},
Title = {{Finite-time Adaptive Formation Control for Multi-agent Systems With
   Uncertainties Under Collision Avoidance and Connectivity Maintenance}},
Journal = {{Science China-technological Sciences}},
Year = {{2020}},
Volume = {{63}},
Number = {{11}},
Pages = {{2305--2314}},
Month = 1,
Early Access Date = {{Jul 2020}},
Keywords = {Chudoba2016exploration, Mine},
}

@Inproceedings{ Isi:000444831600008,
Author = {Walter, Viktor and Novak, Tomas and Saska, Martin},
Title = {{Self-localization of Unmanned Aerial Vehicles Based on Optical Flow In
   Onboard Camera Images}},
Booktitle = {{Modelling and Simulation for Autonomous Systems}},
Year = {{2018}},
Volume = {{10756}},
Pages = {{106--132}},
Keywords = {Chudoba2016exploration, Mine},
}

@Inproceedings{ Isi:000389939300020,
Author = {Perez-paina, Gonzalo and Paz, Claudio and Kulich, MIROSlav and Saska,
   Martin and Araguas, Gaston},
Title = {{Fusion of Monocular Visual-inertial Measurements for Three Dimensional
   Pose Estimatione}},
Booktitle = {{Modelling and Simulation for Autonomous Systems, MESAS 2016}},
Year = {{2016}},
Volume = {{9991}},
Pages = {{242--260}},
Keywords = {Chudoba2016exploration, Mine},
}
