
@article{ ISI:000528039600040,
Author = {Urban, M. and Doubravova, D. and Nentvich, O.},
Title = {{Thermal Vacuum Testing of Timepix3 Detector}},
Journal = {{Journal of Instrumentation}},
Year = {{2020}},
Volume = {{15}},
Number = {{3}},
Month = 1,
Article-number = {{C03040}},
Keywords = {Daniel2019inorbit, Mine},
}

@Article{ Isi:000524029200007,
Author = {Kear, Andrew and Folkes, Sasha L.},
Title = {{A Solution To the Hyper Complex, Cross Domain Reality of Artificial
   Intelligence: the Hierarchy of AI}},
Journal = {{International Journal of Advanced Computer Science and Applications}},
Year = {{2020}},
Volume = {{11}},
Number = {{3}},
Pages = {{49--59}},
Month = 1,
Keywords = {Daniel2019inorbit, Mine},
}

@Article{ Isi:000491150100001,
Author = {Sieger, Ladislav and Nentvich, Ondrej and Urban, Martin},
Title = {{Satellite Temperature Measurement In Leo and Improvement Method Of
   Temperature Sensors Calibration Based on the Measured Data}},
Journal = {{Astronomische Nachrichten}},
Year = {{2019}},
Volume = {{340}},
Number = {{7, Si}},
Pages = {{652--657}},
Month = 1,
Early Access Date = {{Oct 2019}},
Keywords = {Daniel2019inorbit, Mine},
}

@Inproceedings{ Isi:000535353700015,
Author = {Nentvich, Ondrej and Urban, Martin and Blazek, Martin and Inneman, Adolf
   and Hudec, Rene and Sieger, Ladislav},
Title = {{Lobster Eye Optics: Position Determination Based on 1d Optics With A
   Simple Coded Mask}},
Booktitle = {{Advances In X-Ray/EUV Optics and Components Xiv}},
Year = {{2019}},
Volume = {{11108}},
Article-number = {{111080w}},
Keywords = {Daniel2019inorbit, Mine},
}

@Inproceedings{ Isi:000511172300035,
Author = {Urban, Martin and Nentvich, Ondrej and Doubravova, Daniela and Petr,
   Ondrej and Inneman, Adolf and Hudec, Rene and Sieger, Ladislav},
Title = {{Timepix: Influence of Temperature and Vacuum on Equalisation of X-Ray
   Detector and Its Verification}},
Booktitle = {{UV, X-Ray, and Gamma-ray Space Instrumentation for Astronomy XXI}},
Year = {{2019}},
Volume = {{11118}},
Article-number = {{Unsp 111181h}},
Keywords = {Daniel2019inorbit, Mine},
}
