
@article{ ISI:000526572000010,
Author = {Petrlik, Matej and Baca, Tomas and Hert, Daniel and Vrba, Matous and
   Krajnik, Tomas and Saska, Martin},
Title = {{A Robust UAV System for Operations In A Constrained Environment}},
Journal = {{IEEE Robotics and Automation Letters}},
Year = {{2020}},
Volume = {{5}},
Number = {{2}},
Pages = {{2169--2176}},
Month = 1,
Keywords = {Saska2017documentation, Mine},
}

@Article{ Isi:000526572000027,
Author = {Kratky, Vit and Petracek, Pavel and Spurny, Vojtech and Saska, Martin},
Title = {{Autonomous Reflectance Transformation Imaging By A Team of Unmanned
   Aerial Vehicles}},
Journal = {{IEEE Robotics and Automation Letters}},
Year = {{2020}},
Volume = {{5}},
Number = {{2}},
Pages = {{2302--2309}},
Month = 1,
Keywords = {Saska2017documentation, Mine},
}

@Article{ Isi:000526521400006,
Author = {Petracek, Pavel and Kratky, Vit and Saska, Martin},
Title = {{Dronument: System for Reliable Deployment of Micro Aerial Vehicles In
   Dark Areas of Large Historical Monuments}},
Journal = {{IEEE Robotics and Automation Letters}},
Year = {{2020}},
Volume = {{5}},
Number = {{2}},
Pages = {{2078--2085}},
Month = 1,
Keywords = {Saska2017documentation, Mine},
}

@Article{ Isi:000521770500001,
Author = {Saska, Martin and Hert, Daniel and Baca, Tomas and Kratky, Vit And
   Nascimento, Tiago},
Title = {{Formation Control of Unmanned Micro Aerial Vehicles for Straitened
   Environments}},
Journal = {{Autonomous Robots}},
Year = {{2020}},
Volume = {{44}},
Number = {{6}},
Pages = {{991--1008}},
Month = 1,
Early Access Date = {{Mar 2020}},
Keywords = {Saska2017documentation, Mine},
}

@Article{ Isi:000520438000007,
Author = {Wasik, Alicja and Lima, Pedro U. and Martinoli, Alcherio},
Title = {{A Robust Localization System for Multi-robot Formations Based on An
   Extension of A Gaussian Mixture Probability Hypothesis Density Filter}},
Journal = {{Autonomous Robots}},
Year = {{2020}},
Volume = {{44}},
Number = {{3-4, Si}},
Pages = {{395--414}},
Month = 1,
Keywords = {Saska2017documentation, Mine},
}

@Article{ Isi:000467571900002,
Author = {Walter, Viktor and Staub, Nicolas and Franchi, Antonio and Saska, Martin},
Title = {{Uvdar System for Visual Relative Localization With Application To
   Leader-follower Formations of Multirotor UAVs}},
Journal = {{IEEE Robotics and Automation Letters}},
Year = {{2019}},
Volume = {{4}},
Number = {{3}},
Pages = {{2637--2644}},
Month = 1,
Keywords = {Saska2017documentation, Mine},
}

@Article{ Isi:000469766800112,
Author = {Savkin, Andrey V. and Huang, Hailong},
Title = {{Asymptotically Optimal Deployment of Drones for Surveillance And
   Monitoring}},
Journal = {{Sensors}},
Year = {{2019}},
Volume = {{19}},
Number = {{9}},
Month = 1,
Article-number = {{2068}},
Keywords = {Saska2017documentation, Mine},
}

@Article{ Isi:000458569300095,
Author = {Giernacki, Wojciech and Horla, Dariusz and Baca, Tomas and Saska, Martin},
Title = {{Real-time Model-free Minimum-seeking Autotuning Method for Unmanned
   Aerial Vehicle Controllers Based on Fibonacci-search Algorithm}},
Journal = {{Sensors}},
Year = {{2019}},
Volume = {{19}},
Number = {{2}},
Month = 1,
Article-number = {{312}},
Keywords = {Saska2017documentation, Mine},
}

@Inproceedings{ Isi:000558081900046,
Author = {Sabetghadam, Bahareh and Alcantara, Alfonso and Capitan, Jesus And
   Cunha, Rita and Ollero, Anibal and Pascoal, Antonio},
Book-author = {{Preucil, L
   Behnke, S
   Kulich, M}},
Book-group-author = {{IEEE}},
Title = {{Optimal Trajectory Planning for Autonomous Drone Cinematography}},
Booktitle = {{2019 European Conference on Mobile Robots (ECMR)}},
Year = {{2019}},
Keywords = {Saska2017documentation, Mine},
}

@Article{ Isi:000455132600008,
Author = {Spurny, Vojtech and Baca, Tomai and Saska, Martin and Penicka, Robert
   and Krajnik, Tomas and Thomas, Justin and Thakur, Dinesh and Loianno,
   Giuseppe and Kumar, Vijay},
Title = {{Cooperative Autonomous Search, Grasping, and Delivering In A Treasure
   Hunt Scenario By A Team of Unmanned Aerial Vehicles}},
Journal = {{Journal of Field Robotics}},
Year = {{2019}},
Volume = {{36}},
Number = {{1, Si}},
Pages = {{125--148}},
Month = 1,
Keywords = {Saska2017documentation, Mine},
}

@Inproceedings{ Isi:000458872706029,
Author = {Baca, Tomas and Hert, Daniel and Loianno, Giuseppe and Saska, Martin And
   Kumar, Vijay},
Book-author = {{Kosecka, J}},
Title = {{Model Predictive Trajectory Tracking and Collision Avoidance For
   Reliable Outdoor Deployment of Unmanned Aerial Vehicles}},
Booktitle = {{2018 IEEE/RSJ International Conference on Intelligent Robots and Systems
   (IROS)}},
Year = {{2018}},
Pages = {{6753--6760}},
Keywords = {Saska2017documentation, Mine},
}
