
@article{ ISI:000475466200002,
Author = {Tomas, Baca and Stepan, Petr and Vojtech, Spurny and Hert, Daniel and
   Penicka, Robert and Saska, Martin and Thomas, Justin and Loianno,
   Giuseppe and Kumar, Vijay},
Title = {{Autonomous landing on a moving vehicle with an unmanned aerial vehicle}},
Journal = {{Journal Of Field Robotics}},
Year = {{2019}},
Volume = {{36}},
Number = {{5}},
Pages = {{874--891}},
Month = {{Aug}},
Eissn = {{1556-4967}},
Researcherid-numbers = {{Loianno, Giuseppe/e-7473-2017}},
Orcid-numbers = {{Thomas, Justin/0000-0002-4253-417x
   Loianno, Giuseppe/0000-0002-3263-5401}},
Unique-id = {{Isi:000475466200002}},
}

@Article{ Isi:000455132600008,
Author = {Spurny, Vojtech And Baca, Tomai And Saska, Martin And Penicka, Robert
   And Krajnik, Tomas And Thomas, Justin And Thakur, Dinesh And Loianno,
   Giuseppe And Kumar, Vijay},
Title = {{Cooperative Autonomous Search, Grasping, And Delivering In A Treasure
   Hunt Scenario By A Team Of Unmanned Aerial Vehicles}},
Journal = {{Journal Of Field Robotics}},
Year = {{2019}},
Volume = {{36}},
Number = {{1, Si}},
Pages = {{125--148}},
Month = {{Jan}},
Eissn = {{1556-4967}},
Researcherid-numbers = {{Saska, Martin/l-3669-2013
   Loianno, Giuseppe/e-7473-2017
   Krajnik, Tomas/p-9137-2014}},
Orcid-numbers = {{Thomas, Justin/0000-0002-4253-417x
   Penicka, Robert/0000-0001-8549-4932
   Loianno, Giuseppe/0000-0002-3263-5401
   Krajnik, Tomas/0000-0002-4408-7916}},
Unique-id = {{Isi:000455132600008}},
}

@Article{ Isi:000455132600015,
Author = {Faigl, Jan And Vana, Petr And Penicka, Robert And Saska, Martin},
Title = {{Unsupervised Learning-based Flexible Framework For Surveillance Planning
   With Aerial Vehicles}},
Journal = {{Journal Of Field Robotics}},
Year = {{2019}},
Volume = {{36}},
Number = {{1, Si}},
Pages = {{270--301}},
Month = {{Jan}},
Eissn = {{1556-4967}},
Researcherid-numbers = {{Saska, Martin/l-3669-2013
   Faigl, Jan/e-8685-2013
   Vana, Petr/k-5165-2017}},
Orcid-numbers = {{Penicka, Robert/0000-0001-8549-4932
   Faigl, Jan/0000-0002-6193-0792
   Vana, Petr/0000-0003-2155-5788}},
Unique-id = {{Isi:000455132600015}},
}

@Article{ Isi:000423534000008,
Author = {Faigl, Jan And Vana, Petr},
Title = {{Surveillance Planning With Bezier Curves}},
Journal = {{IEEE Robotics And Automation Letters}},
Year = {{2018}},
Volume = {{3}},
Number = {{2}},
Pages = {{750--757}},
Month = {{Apr}},
Researcherid-numbers = {{Vana, Petr/k-5165-2017
   Faigl, Jan/e-8685-2013}},
Orcid-numbers = {{Vana, Petr/0000-0003-2155-5788
   Faigl, Jan/0000-0002-6193-0792}},
Unique-id = {{Isi:000423534000008}},
}

@Inproceedings{ Isi:000458872706029,
Author = {Baca, Tomas And Hert, Daniel And Loianno, Giuseppe And Saska, Martin And
   Kumar, Vijay},
Book-author = {{Kosecka, J}},
Title = {{Model Predictive Trajectory Tracking And Collision Avoidance For
   Reliable Outdoor Deployment Of Unmanned Aerial Vehicles}},
Booktitle = {{2018 IEEE/RSJ International Conference On Intelligent Robots And Systems
   (IROS)}},
Year = {{2018}},
Pages = {{6753--6760}},
   (IROS), Madrid, Spain, Oct 01-05, 2018}},
Organization = {{IEEE Robot \& Automat Soc; IEEE Ind Elect Soc; Robot Soc Japan; Soc
   Instrument \& Control Engineers; New Technol Fdn; IEEE; Adept
   Mobilerobots; Willow Garage; Aldebaran Robot; Natl Instruments;
   Reflexxes Gmbh; Schunk Intec S L U; Univ Carlos Iii Madrid; Bosch; Jd
   Com; Pal Robot; Kuka; Santander; Squirrel Ai Learning; Baidu; Generat
   Robots; Kinova Robot; Ouster; Univ Pablo Olavide Sevilla; Rapyuta Robot;
   Sick; Toyota; Up; Amazon; Argo; Built Robot; Disney Res; Easy Mile;
   Hitachi; Robot; Khalifa Univ; Magazino; Mathworks; New Dexterity;
   Schunk; Nutonomy; Pilz; Prophesee; Rootnik; Saga Robot; Shadow; Soft
   Bank Robot; Anyverse; Galtech; Generat Robot; IEEE Caa Journal
   Automatica Sinica; Sci Robot, Aaas; Teras}},
Researcherid-numbers = {{Baca, Tomas/w-2903-2018
   Saska, Martin/l-3669-2013}},
Orcid-numbers = {{Baca, Tomas/0000-0001-9649-8277
   }},
Unique-id = {{Isi:000458872706029}},
}

@Inproceedings{ Isi:000444831600008,
Author = {Walter, Viktor And Novak, Tomas And Saska, Martin},
Title = {{Self-localization Of Unmanned Aerial Vehicles Based On Optical Flow In
   Onboard Camera Images}},
Booktitle = {{Modelling And Simulation For Autonomous Systems}},
Year = {{2018}},
Volume = {{10756}},
Pages = {{106--132}},
   Systems (Mesas), Rome, Italy, Oct 24-26, 2017}},
Organization = {{Nato Modelling \& Simulat Ctr Excellence; IEEE; IEEE Robot \& Automat
   Soc; IEEE Ras Italian Chapter; IEEE Ras Multi Robot Syst Tech Comm;
   Movimento Italiano Modellazione Simulazione; Czech Tech Univ Prague;
   Military Tech Inst; Lom Praha; Vop Cz}},
Eissn = {{1611-3349}},
Researcherid-numbers = {{Saska, Martin/l-3669-2013}},
Unique-id = {{Isi:000444831600008}},
}

@Article{ Isi:000413736600109,
Author = {Penicka, Robert And Faigl, Jan And Vana, Petr And Saska, Martin},
Title = {{Dubins Orienteering Problem}},
Journal = {{IEEE Robotics And Automation Letters}},
Year = {{2017}},
Volume = {{2}},
Number = {{2}},
Pages = {{1210--1217}},
Month = {{Apr}},
Researcherid-numbers = {{Saska, Martin/l-3669-2013
   Vana, Petr/k-5165-2017
   }},
Orcid-numbers = {{Vana, Petr/0000-0003-2155-5788
   Penicka, Robert/0000-0001-8549-4932}},
Unique-id = {{Isi:000413736600109}},
}

@Inproceedings{ Isi:000426455100047,
Author = {Baca, Tomas And Stepan, Petr And Saska, Martin},
Book-group-author = {{IEEE}},
Title = {{Autonomous Landing On A Moving Car With Unmanned Aerial Vehicle}},
Booktitle = {{2017 European Conference On Mobile Robots (ECMR)}},
Year = {{2017}},
   2017}},
Researcherid-numbers = {{Saska, Martin/l-3669-2013
   Stepan, Petr/x-2931-2018
   Baca, Tomas/w-2903-2018
   Stepan, Petr/p-4225-2019}},
Orcid-numbers = {{Stepan, Petr/0000-0002-7444-3264
   Baca, Tomas/0000-0001-9649-8277
   Stepan, Petr/0000-0002-7444-3264}},
Unique-id = {{Isi:000426455100047}},
}

@Inproceedings{ Isi:000427812000089,
Author = {Saska, Martin And Kratky, Vit And Spurny, Vojtech And Baca, Tomas},
Book-group-author = {{IEEE}},
Title = {{Documentation Of Dark Areas Of Large Historical Buildings By A Formation
   Of Unmanned Aerial Vehicles Using Model Predictive Control}},
Booktitle = {{2017 22nd IEEE International Conference On Emerging Technologies And
   Factory Automation (ETFA)}},
   Automation-ETFA}},
Year = {{2017}},
   Automation (ETFA), Limassol, Cyprus, Sep 12-15, 2017}},
Organization = {{IEEE; Abb; Ies; Univ Cyprus; Dept Elect Comp Engn}},
Researcherid-numbers = {{Saska, Martin/l-3669-2013
   Baca, Tomas/w-2903-2018}},
Orcid-numbers = {{Baca, Tomas/0000-0001-9649-8277}},
Unique-id = {{Isi:000427812000089}},
}

@Inproceedings{ Isi:000426968704078,
Author = {Faigl, Jan And Vana, Petr},
Book-group-author = {{IEEE}},
Title = {{Unsupervised Learning For Surveillance Planning With Team Of Aerial
   Vehicles}},
Booktitle = {{2017 International Joint Conference On Neural Networks (IJCNN)}},
Year = {{2017}},
Pages = {{4340--4347}},
   Ak, May 14-19, 2017}},
Organization = {{Int Neurol Network Soc; IEEE Computat Intelligence Soc; Intel; Bmi;
   Budapest Semester Cognit Sci}},
Researcherid-numbers = {{Faigl, Jan/e-8685-2013
   Vana, Petr/k-5165-2017}},
Orcid-numbers = {{Faigl, Jan/0000-0002-6193-0792
   Vana, Petr/0000-0003-2155-5788}},
Unique-id = {{Isi:000426968704078}},
}

@Inproceedings{ Isi:000426455100049,
Author = {Brandtner, Daniel And Saska, Martin},
Book-group-author = {{IEEE}},
Title = {{Coherent Swarming Of Unmanned Micro Aerial Vehicles With Minimum
   Computational And Communication Requirements}},
Booktitle = {{2017 European Conference On Mobile Robots (ECMR)}},
Year = {{2017}},
   2017}},
Researcherid-numbers = {{Saska, Martin/l-3669-2013}},
Unique-id = {{Isi:000426455100049}},
}

@Inproceedings{ Isi:000426455100051,
Author = {Penicka, Robert And Saska, Martin And Reymann, Christophe And Lacroix,
   Simon},
Book-group-author = {{IEEE}},
Title = {{Reactive Dubins Traveling Salesman Problem For Replanning Of Information
   Gathering By Uavs}},
Booktitle = {{2017 European Conference On Mobile Robots (ECMR)}},
Year = {{2017}},
   2017}},
Researcherid-numbers = {{Saska, Martin/l-3669-2013}},
Unique-id = {{Isi:000426455100051}},
}

@Inproceedings{ Isi:000405520900202,
Author = {Saska, Martin And Baca, Tomas And Hert, Daniel},
Book-group-author = {{IEEE}},
Title = {{Formations Of Unmanned Micro Aerial Vehicles Led By Migrating Virtual
   Leader}},
Booktitle = {{2016 14th International Conference On Control, Automation, Robotics And
   Vision (ICARCV)}},
Year = {{2016}},
   Vision (ICARCV), Phukhet, Thailand, Nov 13-15, 2016}},
Researcherid-numbers = {{Saska, Martin/l-3669-2013
   Baca, Tomas/w-2903-2018}},
Orcid-numbers = {{Baca, Tomas/0000-0001-9649-8277}},
Unique-id = {{Isi:000405520900202}},
}
