
@inproceedings{ ISI:000444831600008,
Author = {Walter, Viktor and Novak, Tomas and Saska, Martin},
Title = {{Self-localization of Unmanned Aerial Vehicles Based on Optical Flow in
   Onboard Camera Images}},
Booktitle = {{Modelling And Simulation For Autonomous Systems}},
Year = {{2018}},
Volume = {{10756}},
Pages = {{106--132}},
   Systems (Mesas), Rome, Italy, Oct 24-26, 2017}},
Organization = {{Nato Modelling \& Simulat Ctr Excellence; IEEE; IEEE Robot \& Automat
   Soc; IEEE Ras Italian Chapter; IEEE Ras Multi Robot Syst Tech Comm;
   Movimento Italiano Modellazione Simulazione; Czech Tech Univ Prague;
   Military Tech Inst; Lom Praha; Vop Cz}},
Researcherid-numbers = {{Saska, Martin/l-3669-2013}},
Keywords = {Chudoba2016exploration},
}

@Inproceedings{ Isi:000389939300020,
Author = {Perez-paina, Gonzalo And Paz, Claudio And Kulich, MIROSlav And Saska,
   Martin And Araguas, Gaston},
Title = {{Fusion Of Monocular Visual-inertial Measurements For Three Dimensional
   Pose Estimatione}},
Booktitle = {{Modelling And Simulation For Autonomous Systems, Mesas 2016}},
Year = {{2016}},
Volume = {{9991}},
Pages = {{242--260}},
   Systems (Mesas), Rome, Italy, Jun 15-16, 2016}},
Organization = {{IEEE Robot \& Automat Soc; IEEE Ras Italian Chapter; IEEE Italy Sect
   Syst Council Chapter; IEEE Ras Multi Robot Syst Tech Comm; IEEE Ras
   Networked Robots Tech Comm; Movimento Italiano Modellazione \&
   Simulazione; Simulat Team; Off Naval Res Sci \& Technol; Fabaris}},
Researcherid-numbers = {{Saska, Martin/l-3669-2013
   Kulich, MIROSlav/l-3465-2013}},
Orcid-numbers = {{Kulich, MIROSlav/0000-0002-0997-5889}},
Keywords = {Chudoba2016exploration},
}
