
@article{ ISI:000471707300001,
Author = {Hamaza, Salua and Georgilas, Ioannis and Fernandez, Manuel and Sanchez,
   Pedro and Richardson, Thomas and Heredia, Guillermo and Ollero, Anibal},
Title = {{Sensor Installation and Retrieval Operations Using an Unmanned Aerial
   Manipulator}},
Journal = {{IEEE Robotics And Automation Letters}},
Year = {{2019}},
Volume = {{4}},
Number = {{3}},
Pages = {{2793--2800}},
Month = {{Jul}},
Researcherid-numbers = {{Heredia Benot, Jose Guillermo/u-3360-2018}},
Orcid-numbers = {{Sanchez-cuevas, Pedro/0000-0001-9791-4148
   Heredia Benot, Jose Guillermo/0000-0003-1571-173x}},
Unique-id = {{Isi:000471707300001}},
}

@Article{ Isi:000458569300095,
Author = {Giernacki, Wojciech And Horla, Dariusz And Baca, Tomas And Saska, Martin},
Title = {{Real-time Model-free Minimum-seeking Autotuning Method For Unmanned
   Aerial Vehicle Controllers Based On Fibonacci-search Algorithm}},
Journal = {{Sensors}},
Year = {{2019}},
Volume = {{19}},
Number = {{2}},
Month = {{Jan 2}},
Article-number = {{312}},
Researcherid-numbers = {{Saska, Martin/l-3669-2013
   Giernacki, Wojciech/m-2225-2014
   Baca, Tomas/w-2903-2018}},
Orcid-numbers = {{Giernacki, Wojciech/0000-0003-1747-4010
   Baca, Tomas/0000-0001-9649-8277}},
Unique-id = {{Isi:000458569300095}},
}

@Article{ Isi:000455132600006,
Author = {Baehnemann, Rik And Pantie, Michael And Popovic, Marija And Schindler,
   Dominik And Tranzatto, Marco And Kamel, Mina And Grimm, Marius And
   Widauer, Jakob And Siegwart, Roland And Nieto, Juan},
Title = {{The Eth-mav Team In The Mbz International Robotics Challenge}},
Journal = {{Journal Of Field Robotics}},
Year = {{2019}},
Volume = {{36}},
Number = {{1, Si}},
Pages = {{78--103}},
Month = {{Jan}},
Eissn = {{1556-4967}},
Unique-id = {{Isi:000455132600006}},
}

@Article{ Isi:000455132600012,
Author = {Beul, Marius And Nieuwenhuisen, Matthias And Quenzel, Jan And Rosu, Radu
   Alexandru And Horn, Jannis And Pavlichenko, Dmytro And Houben, Sebastian
   And Behnke, Sven},
Title = {{Team Nimbro At Mbzirc 2017: Fast Landing On A Moving Target And Treasure
   Hunting With A Team Of Micro Aerial Vehicles}},
Journal = {{Journal Of Field Robotics}},
Year = {{2019}},
Volume = {{36}},
Number = {{1, Si}},
Pages = {{204--229}},
Month = {{Jan}},
Eissn = {{1556-4967}},
Researcherid-numbers = {{Houben, Sebastian/r-1865-2019
   Behnke, Sven/b-5509-2013
   Nieuwenhuisen, Matthias/c-4205-2019
   }},
Orcid-numbers = {{Houben, Sebastian/0000-0002-2036-419x
   Behnke, Sven/0000-0002-5040-7525
   Nieuwenhuisen, Matthias/0000-0002-3706-592x
   Rosu, Radu Alexandru/0000-0001-7349-4126}},
Unique-id = {{Isi:000455132600012}},
}

@Article{ Isi:000442341000002,
Author = {Chung, Soon-jo And Paranjape, Aditya Avinash And Dames, Philip And Shen,
   Shaojie And Kumar, Vijay},
Title = {{A Survey On Aerial Swarm Robotics}},
Journal = {{IEEE Transactions On Robotics}},
Year = {{2018}},
Volume = {{34}},
Number = {{4}},
Pages = {{837--855}},
Month = {{Aug}},
Eissn = {{1941-0468}},
Orcid-numbers = {{Dames, Philip/0000-0002-7257-0075
   Chung, Soon-jo/0000-0002-6657-3907}},
Unique-id = {{Isi:000442341000002}},
}

@Inproceedings{ Isi:000458872706029,
Author = {Baca, Tomas And Hert, Daniel And Loianno, Giuseppe And Saska, Martin And
   Kumar, Vijay},
Book-author = {{Kosecka, J}},
Title = {{Model Predictive Trajectory Tracking And Collision Avoidance For
   Reliable Outdoor Deployment Of Unmanned Aerial Vehicles}},
Booktitle = {{2018 IEEE/RSJ International Conference On Intelligent Robots And Systems
   (IROS)}},
Year = {{2018}},
Pages = {{6753--6760}},
   (IROS), Madrid, Spain, Oct 01-05, 2018}},
Organization = {{IEEE Robot \& Automat Soc; IEEE Ind Elect Soc; Robot Soc Japan; Soc
   Instrument \& Control Engineers; New Technol Fdn; IEEE; Adept
   Mobilerobots; Willow Garage; Aldebaran Robot; Natl Instruments;
   Reflexxes Gmbh; Schunk Intec S L U; Univ Carlos Iii Madrid; Bosch; Jd
   Com; Pal Robot; Kuka; Santander; Squirrel Ai Learning; Baidu; Generat
   Robots; Kinova Robot; Ouster; Univ Pablo Olavide Sevilla; Rapyuta Robot;
   Sick; Toyota; Up; Amazon; Argo; Built Robot; Disney Res; Easy Mile;
   Hitachi; Robot; Khalifa Univ; Magazino; Mathworks; New Dexterity;
   Schunk; Nutonomy; Pilz; Prophesee; Rootnik; Saga Robot; Shadow; Soft
   Bank Robot; Anyverse; Galtech; Generat Robot; IEEE Caa Journal
   Automatica Sinica; Sci Robot, Aaas; Teras}},
Researcherid-numbers = {{Baca, Tomas/w-2903-2018
   Saska, Martin/l-3669-2013}},
Orcid-numbers = {{Baca, Tomas/0000-0001-9649-8277
   }},
Unique-id = {{Isi:000458872706029}},
}

@Inproceedings{ Isi:000459211400095,
Author = {Wu, Yaqi And Song, Jin And Sun, Jiabi And Zhu, Fenfang And Chen, Haoyao},
Book-group-author = {{IEEE}},
Title = {{Aerial Grasping Based On Vr Perception And Haptic Control}},
Booktitle = {{Proceedings Of 2018 IEEE International Conference On Real-time Computing
   And Robotics (IEEE Rcar)}},
Year = {{2018}},
Pages = {{556--562}},
   Rcar), Kandima, Maldives, Aug 01-05, 2018}},
Organization = {{IEEE; IEEE Robot \& Automat Soc}},
Unique-id = {{Isi:000459211400095}},
}

@Inproceedings{ Isi:000454860700012,
Author = {Villa, Daniel K. D. And Brandao, Alexandre S. And Sarcinelli-filho,
   Mario},
Book-group-author = {{IEEE}},
Title = {{Load Transportation Using Quadrotors: A Survey Of Experimental Results}},
Booktitle = {{2018 International Conference On Unmanned Aircraft Systems (ICUAS)}},
Year = {{2018}},
Pages = {{84--93}},
   Tx, Jun 12-15, 2018}},
Organization = {{IEEE; IEEE Robotics \& Automat Soc; Css; Mca; Univ Denver; Univ Texas;
   Univ Denver, Daniel Felix Ritchie Sch Engn \& Comp Sci; Blankrome; Ft
   Technologies; Quanser; Rcbenchmark}},
Researcherid-numbers = {{Sarcinelli-filho, Mario/c-4424-2015
   Brandao, Alexandre Santos/p-5312-2015}},
Orcid-numbers = {{Sarcinelli-filho, Mario/0000-0002-7696-8996
   Brandao, Alexandre Santos/0000-0001-5990-2218}},
Unique-id = {{Isi:000454860700012}},
}

@Inproceedings{ Isi:000454860700150,
Author = {Walter, Viktor And Saska, Martin And Franchi, Antonio},
Book-group-author = {{IEEE}},
Title = {{Fast Mutual Relative Localization Of Uavs Using Ultraviolet Led Markers}},
Booktitle = {{2018 International Conference On Unmanned Aircraft Systems (ICUAS)}},
Year = {{2018}},
Pages = {{1217--1226}},
   Tx, Jun 12-15, 2018}},
Organization = {{IEEE; IEEE Robotics \& Automat Soc; Css; Mca; Univ Denver; Univ Texas;
   Univ Denver, Daniel Felix Ritchie Sch Engn \& Comp Sci; Blankrome; Ft
   Technologies; Quanser; Rcbenchmark}},
Researcherid-numbers = {{Saska, Martin/l-3669-2013}},
Unique-id = {{Isi:000454860700150}},
}
