
@inproceedings{ ISI:000427812000089,
Author = {Saska, Martin and Kratky, Vit and Spurny, Vojtech and Baca, Tomas},
Book-Group-Author = {{IEEE}},
Title = {{Documentation of Dark Areas of Large Historical Buildings by a Formation
   of Unmanned Aerial Vehicles using Model Predictive Control}},
Booktitle = {{2017 22nd IEEE International Conference On Emerging Technologies And
   Factory Automation (ETFA)}},
   Automation-ETFA}},
Year = {{2017}},
   Automation (ETFA), Limassol, Cyprus, Sep 12-15, 2017}},
Organization = {{IEEE; Abb; Ies; Univ Cyprus; Dept Elect Comp Engn}},
Researcherid-numbers = {{Saska, Martin/l-3669-2013
   Baca, Tomas/w-2903-2018}},
Orcid-numbers = {{Baca, Tomas/0000-0001-9649-8277}},
Unique-id = {{Isi:000427812000089}},
}

@Inproceedings{ Isi:000426455100049,
Author = {Brandtner, Daniel And Saska, Martin},
Book-group-author = {{IEEE}},
Title = {{Coherent Swarming Of Unmanned Micro Aerial Vehicles With Minimum
   Computational And Communication Requirements}},
Booktitle = {{2017 European Conference On Mobile Robots (ECMR)}},
Year = {{2017}},
   2017}},
Researcherid-numbers = {{Saska, Martin/l-3669-2013}},
Unique-id = {{Isi:000426455100049}},
}

@Inproceedings{ Isi:000405520900202,
Author = {Saska, Martin And Baca, Tomas And Hert, Daniel},
Book-group-author = {{IEEE}},
Title = {{Formations Of Unmanned Micro Aerial Vehicles Led By Migrating Virtual
   Leader}},
Booktitle = {{2016 14th International Conference On Control, Automation, Robotics And
   Vision (ICARCV)}},
Year = {{2016}},
   Vision (ICARCV), Phukhet, Thailand, Nov 13-15, 2016}},
Researcherid-numbers = {{Saska, Martin/l-3669-2013
   Baca, Tomas/w-2903-2018}},
Orcid-numbers = {{Baca, Tomas/0000-0001-9649-8277}},
Unique-id = {{Isi:000405520900202}},
}
