
@article{ ISI:000572876100001,
Author = {Bicego, Davide and Mazzetto, Jacopo and Carli, Ruggero and Farina,
   Marcello and Franchi, Antonio},
Title = {{Nonlinear Model Predictive Control With Enhanced Actuator Model For
   Multi-rotor Aerial Vehicles With Generic Designs}},
Journal = {{Journal of Intelligent \& Robotic Systems}},
Year = {{2020}},
Volume = {{100}},
Number = {{3-4}},
Pages = {{1213--1247}},
Month = 1,
Early Access Date = {{Sep 2020}},
Keywords = {Baca2016embedded, Mine},
}

@Article{ Isi:000495059300002,
Author = {Rubi, Bartomeu and Perez, Ramon and Morcego, Bernardo},
Title = {{A Survey of Path Following Control Strategies for UAVs Focused On
   Quadrotors}},
Journal = {{Journal of Intelligent \& Robotic Systems}},
Year = {{2020}},
Volume = {{98}},
Number = {{2}},
Pages = {{241--265}},
Month = 1,
Early Access Date = {{Nov 2019}},
Keywords = {Baca2016embedded, Mine},
}

@Article{ Isi:000502013800002,
Author = {Ding, Li and Wu, Hongtao},
Title = {{Dynamical Modelling and Robust Control for An Unmanned Aerial Robot
   Using Hexarotor With 2-DOF Manipulator}},
Journal = {{International Journal of Aerospace Engineering}},
Year = {{2019}},
Volume = {{2019}},
Month = 1,
Article-number = {{5483073}},
Keywords = {Baca2016embedded, Mine},
}

@Inproceedings{ Isi:000527444900024,
Author = {Swief, Asmaa and El-zawawi, Amr and El-habrouk, Mohamed},
Book-group-author = {{IEEE}},
Title = {{A Survey of Model Predictive Control Development In Automotive
   Industries}},
Booktitle = {{2019 3rd International Conference on Applied Automation and Industrial
   Diagnostics (ICAAID 2019)}},
Year = {{2019}},
Keywords = {Baca2016embedded, Mine},
}

@Article{ Isi:000423534000008,
Author = {Faigl, Jan and Vana, Petr},
Title = {{Surveillance Planning With Bezier Curves}},
Journal = {{IEEE Robotics and Automation Letters}},
Year = {{2018}},
Volume = {{3}},
Number = {{2}},
Pages = {{750--757}},
Month = 1,
Keywords = {Baca2016embedded, Mine},
}

@Inproceedings{ Isi:000426968704078,
Author = {Faigl, Jan and Vana, Petr},
Book-group-author = {{IEEE}},
Title = {{Unsupervised Learning for Surveillance Planning With Team of Aerial
   Vehicles}},
Booktitle = {{2017 International Joint Conference on Neural Networks (IJCNN)}},
Year = {{2017}},
Pages = {{4340--4347}},
Keywords = {Baca2016embedded, Mine},
}
