
@article{ ISI:000587193000001,
Author = {Xie, Jingyi and Peng, Xiaodong and Wang, Haijiao and Niu, Wenlong and
   Zheng, Xiao},
Title = {{UAV Autonomous Tracking and Landing Based on Deep Reinforcement Learning
   Strategy}},
Journal = {{Sensors}},
Year = {{2020}},
Volume = {{20}},
Number = {{19}},
Month = 1,
Article-number = {{5630}},
Keywords = {Baca2019autonomous, Mine},
}

@Article{ Isi:000538041800205,
Author = {Horla, Dariusz and Cieslak, Jacek},
Title = {{On Obtaining Energy-optimal Trajectories for Landing of UAVs}},
Journal = {{Energies}},
Year = {{2020}},
Volume = {{13}},
Number = {{8}},
Month = 1,
Article-number = {{62}},
Keywords = {Baca2019autonomous, Mine},
}

@Article{ Isi:000506678200158,
Author = {Wubben, Jamie and Fabra, Francisco and Calafate, Carlos T. And
   Krzeszowski, Tomasz and Marquez-barja, Johann M. and Cano, Juan-carlos
   and Manzoni, Pietro},
Title = {{Accurate Landing of Unmanned Aerial Vehicles Using Ground Pattern
   Recognition}},
Journal = {{Electronics}},
Year = {{2019}},
Volume = {{8}},
Number = {{12}},
Month = 1,
Article-number = {{1532}},
Keywords = {Baca2019autonomous, Mine},
}

@Article{ Isi:000478758000020,
Author = {Goslinski, Jaroslaw and Giernacki, Wojciech and Krolikowski, Andrzej},
Title = {{A Nonlinear Filter for Efficient Attitude Estimation of Unmanned Aerial
   Vehicle (UAV)}},
Journal = {{Journal of Intelligent \& Robotic Systems}},
Year = {{2019}},
Volume = {{95}},
Number = {{3-4}},
Pages = {{1079--1095}},
Month = 1,
Keywords = {Baca2019autonomous, Mine},
}

@Inproceedings{ Isi:000591787500079,
Author = {Khoa Dang Nguyen and Trong-thang Nguyen},
Book-group-author = {{IEEE}},
Title = {{Vision-based Software-in-the-loop-simulation for Unmanned Aerial
   Vehicles Using Gazebo and PX4 Open Source}},
Booktitle = {{Proceedings of 2019 International Conference on System Science And
   Engineering (ICSSE)}},
Year = {{2019}},
Pages = {{429--432}},
Keywords = {Baca2019autonomous, Mine},
}

@Inproceedings{ Isi:000558081900040,
Author = {Potena, Ciro and Nardi, Daniele and Pretto, Alberto},
Book-author = {{Preucil, L
   Behnke, S
   Kulich, M}},
Book-group-author = {{IEEE}},
Title = {{Joint Vision-based Navigation, Control and Obstacle Avoidance for UAVs
   In Dynamic Environments}},
Booktitle = {{2019 European Conference on Mobile Robots (ECMR)}},
Year = {{2019}},
Keywords = {Baca2019autonomous, Mine},
}
