
@Article{ Isi:000524029200007,
Author = {Kear, Andrew and Folkes, Sasha L.},
Title = {{A Solution To the Hyper Complex, Cross Domain Reality of Artificial
   Intelligence: the Hierarchy of AI}},
Journal = {{International Journal of Advanced Computer Science and Applications}},
Year = {{2020}},
Volume = {{11}},
Number = {{3}},
Pages = {{49--59}},
Month = 1,
Keywords = {Daniel2019inorbit, Mine},
}
