
@article{ ISI:000497969100003,
Author = {Ouyang, Mingzhao and Zhao, Xuan and He, Wenjun and Yang, L. and Hu, Yuan
   and Han, Yeming and Ma, Shizhang and Fu, Yuegang},
Title = {{Structural Design Method of the Meridional Lobster-eye Lens With Optimal
   Efficiency}},
Journal = {{Applied Optics}},
Year = {{2019}},
Volume = {{58}},
Number = {{33}},
Pages = {{9033--9038}},
Month = 1,
Keywords = {Daniel2017xray, Mine},
}

@Article{ Isi:000493339600019,
Author = {Filgas, Robert and Malich, Milan and Kuwahara, Toshinori and Broulim,
   Jan and Holik, Michael and Sakal, Morokot and Murata, Yu and Tomio,
   Hannah and Gohl, Stefan and Pineda, Johan M. T.},
Title = {{Risepix --- A Timepix-based Radiation Monitor Telescope Onboard the Risesat
   Satellite}},
Journal = {{Astronomische Nachrichten}},
Year = {{2019}},
Volume = {{340}},
Number = {{7, Si}},
Pages = {{674--680}},
Month = 1,
Keywords = {Daniel2017xray, Mine},
}

@Article{ Isi:000444072500014,
Author = {Filgas, R.},
Title = {{Space Radiation Monitoring With Timepix}},
Journal = {{Astronomische Nachrichten}},
Year = {{2018}},
Volume = {{339}},
Number = {{5, Si}},
Pages = {{386--390}},
Month = 1,
Keywords = {Daniel2017xray, Mine},
}

@Article{ Isi:000444072500020,
Author = {Hudec, R.},
Title = {{Low-dispersion Spectroscopy With Cubesats and Photographic Plates}},
Journal = {{Astronomische Nachrichten}},
Year = {{2018}},
Volume = {{339}},
Number = {{5, Si}},
Pages = {{416--419}},
Month = 1,
Keywords = {Daniel2017xray, Mine},
}

@Article{ Isi:000432795000001,
Author = {Hudec, R.},
Title = {{Axro Introduction and Historical Background}},
Journal = {{Contributions of the Astronomical Observatory Skalnate Pleso}},
Year = {{2018}},
Volume = {{48}},
Number = {{3}},
Pages = {{396--404}},
Keywords = {Daniel2017xray, Mine},
}

@Article{ Isi:000410733700011,
Author = {Hudec, R.},
Title = {{Astrophysical Payloads for Picosatellites}},
Journal = {{Contributions of the Astronomical Observatory Skalnate Pleso}},
Year = {{2017}},
Volume = {{47}},
Number = {{2}},
Pages = {{143--150}},
Keywords = {Daniel2017xray, Mine},
}
