
@article{ ISI:000573730700001,
Author = {Wolek, Artur and McMahon, James and Dzikowicz, Benjamin R. and Houston,
   Brian H.},
Title = {{The Orbiting Dubins Traveling Salesman Problem: Planning Inspection
   Tours for A Minehunting AUV}},
Journal = {{Autonomous Robots}},
Early Access Date = {{Sep 2020}},
Keywords = {Faigl2017onsolution, Mine},
}
