
@Article{ Isi:000520438000007,
Author = {Wasik, Alicja and Lima, Pedro U. and Martinoli, Alcherio},
Title = {{A Robust Localization System for Multi-robot Formations Based on An
   Extension of A Gaussian Mixture Probability Hypothesis Density Filter}},
Journal = {{Autonomous Robots}},
Year = {{2020}},
Volume = {{44}},
Number = {{3-4, Si}},
Pages = {{395--414}},
Month = 1,
Keywords = {Saska2017documentation, Mine},
}

@Article{ Isi:000469766800112,
Author = {Savkin, Andrey V. and Huang, Hailong},
Title = {{Asymptotically Optimal Deployment of Drones for Surveillance And
   Monitoring}},
Journal = {{Sensors}},
Year = {{2019}},
Volume = {{19}},
Number = {{9}},
Month = 1,
Article-number = {{2068}},
Keywords = {Saska2017documentation, Mine},
}

@Inproceedings{ Isi:000558081900046,
Author = {Sabetghadam, Bahareh and Alcantara, Alfonso and Capitan, Jesus And
   Cunha, Rita and Ollero, Anibal and Pascoal, Antonio},
Book-author = {{Preucil, L
   Behnke, S
   Kulich, M}},
Book-group-author = {{IEEE}},
Title = {{Optimal Trajectory Planning for Autonomous Drone Cinematography}},
Booktitle = {{2019 European Conference on Mobile Robots (ECMR)}},
Year = {{2019}},
Keywords = {Saska2017documentation, Mine},
}
