
@Article{ Isi:000558705200001,
Author = {Botelho, Wagner Tanaka and Bruno Marietto, Maria Das Gracas and Mendes,
   Eduardo De Lima and De Sousa, Daniel Rodrigues and Pimentel, Edson
   Pinheiro and Da Silva, Vera Lucia and Dos Santos, Tamires},
Title = {{Toward An Interdisciplinary Integration Between Multi-agents Systems And
   Multi-robots Systems: A Case Study}},
Journal = {{Knowledge Engineering Review}},
Year = {{2020}},
Volume = {{35}},
Article-number = {{E35}},
Keywords = {Spurny2016complex, Mine},
}
