
@article{ ISI:000534593100033,
Author = {Michieletto, Giulia and Cenedese, Angelo and Zaccarian, Luca and
   Franchi, Antonio},
Title = {{Hierarchical Nonlinear Control for Multi-rotor Asymptotic Stabilization
   Based on Zero-moment Direction}},
Journal = {{Automatica}},
Year = {{2020}},
Volume = {{117}},
Month = 1,
Article-number = {{108991}},
Keywords = {Spurny2019cooperative, Mine},
}

@Article{ Isi:000534838300001,
Author = {Campos-macias, Leobardo and Aldana-lopez, Rodrigo and De La Guardia,
   Rafael and Parra-vilchis, Jose I. and Gomez-gutierrez, David},
Title = {{Autonomous Navigation of MAVs In Unknown Cluttered Environments}},
Journal = {{Journal of Field Robotics}},
Early Access Date = {{May 2020}},
Keywords = {Spurny2019cooperative, Mine},
}

@Article{ Isi:000528275000003,
Author = {Mohiuddin, Abdullah and Tarek, Taha and Zweiri, Yahya and Gan, Dongming},
Title = {{A Survey of Single and Multi-UAV Aerial Manipulation}},
Journal = {{Unmanned Systems}},
Year = {{2020}},
Volume = {{8}},
Number = {{2}},
Pages = {{119--147}},
Month = 1,
Keywords = {Spurny2019cooperative, Mine},
}

@Article{ Isi:000526572000012,
Author = {Sanalitro, Dario and Savino, Heitor J. and Tognon, Marco and Cortes,
   Juan and Franchi, Antonio},
Title = {{Full-pose Manipulation Control of A Cable-suspended Load With Multiple
   UAVs Under Uncertainties}},
Journal = {{IEEE Robotics and Automation Letters}},
Year = {{2020}},
Volume = {{5}},
Number = {{2}},
Pages = {{2185--2191}},
Month = 1,
Keywords = {Spurny2019cooperative, Mine},
}

@Article{ Isi:000520954200018,
Author = {Jackson, Brian E. and Howell, Taylor A. and Shah, Kunal and Schwager,
   Mac and Manchester, Zachary},
Title = {{Scalable Cooperative Transport of Cable-suspended Loads With UAVs Using
   Distributed Trajectory Optimization}},
Journal = {{IEEE Robotics and Automation Letters}},
Year = {{2020}},
Volume = {{5}},
Number = {{2}},
Pages = {{3368--3374}},
Month = 1,
Keywords = {Spurny2019cooperative, Mine},
}

@Article{ Isi:000526677900001,
Author = {Coppola, Mario and Mcguire, Kimberly N. and De Wagter, Christophe and De
   Croon, Guido C. H. E.},
Title = {{A Survey on Swarming With Micro Air Vehicles: Fundamental Challenges And
   Constraints}},
Journal = {{Frontiers In Robotics and Ai}},
Year = {{2020}},
Volume = {{7}},
Month = 1,
Article-number = {{18}},
Keywords = {Spurny2019cooperative, Mine},
}

@Article{ Isi:000577066500023,
Author = {Lopez Garcia, Manuel and Martinez Carranza, Jose},
Title = {{A First CNN-based Approach Towards Autonomous Flight for Object Lifting}},
Journal = {{Computacion Y Sistemas}},
Year = {{2020}},
Volume = {{24}},
Number = {{3}},
Pages = {{1219--1228}},
Keywords = {Spurny2019cooperative, Mine},
}

@Article{ Isi:000484454000012,
Author = {Mohiuddin, Abdullah and Taha, Tarek and Zweiri, Yahya and Gan, Dongming},
Title = {{UAV Payload Transportation Via RTDP Based Optimized Velocity Profiles}},
Journal = {{Energies}},
Year = {{2019}},
Volume = {{12}},
Number = {{16}},
Month = 1,
Article-number = {{3049}},
Keywords = {Spurny2019cooperative, Mine},
}

@Inproceedings{ Isi:000569550300220,
Author = {Guo, Fan and Wei, Mingzhu and Ye, Mingfei and Li, Jiajun and Mechali,
   Omar and Cao, Yong},
Book-group-author = {{IEEE}},
Title = {{An Unmanned Aerial Vehicles Collaborative Searching and Tracking Scheme
   In Three-dimension Space}},
Booktitle = {{2019 9th IEEE Annual International Conference on Cyber Technology In
   Automation, Control, and Intelligent Systems (IEEE-cyber 2019)}},
Year = {{2019}},
Pages = {{1262--1266}},
Keywords = {Spurny2019cooperative, Mine},
}
