
@Article{ Isi:000515747100011,
Author = {Lopez-salamanca, Julian J. and Seman, Laio Oriel and Berejuck, Marcelo
   D. and Bezerra, Eduardo A.},
Title = {{Finite-state Markov Chains Channel Model for Cubesats Communication
   Uplink}},
Journal = {{IEEE Transactions on Aerospace and Electronic Systems}},
Year = {{2020}},
Volume = {{56}},
Number = {{1}},
Pages = {{142--154}},
Month = 1,
Keywords = {Urban2017VZLUSAT, Mine},
}

@Article{ Isi:000493339600019,
Author = {Filgas, Robert and Malich, Milan and Kuwahara, Toshinori and Broulim,
   Jan and Holik, Michael and Sakal, Morokot and Murata, Yu and Tomio,
   Hannah and Gohl, Stefan and Pineda, Johan M. T.},
Title = {{Risepix --- A Timepix-based Radiation Monitor Telescope Onboard the Risesat
   Satellite}},
Journal = {{Astronomische Nachrichten}},
Year = {{2019}},
Volume = {{340}},
Number = {{7, Si}},
Pages = {{674--680}},
Month = 1,
Keywords = {Urban2017VZLUSAT, Mine},
}

@Article{ Isi:000459643100003,
Author = {Furnell, Will and Shenoy, Abhishek and Fox, Elliot and Hatfield, Peter},
Title = {{First Results From the Lucid-timepix Spacecraft Payload Onboard The
   Techdemosat-1 Satellite In Low Earth Orbit}},
Journal = {{Advances In Space Research}},
Year = {{2019}},
Volume = {{63}},
Number = {{5}},
Pages = {{1523--1540}},
Month = 1,
Keywords = {Urban2017VZLUSAT, Mine},
}

@Article{ Isi:000448512600001,
Author = {Hatfield, P. and Furnell, W. and Shenoy, A. and Fox, E. and Parker, R.
   and Thomas, L.},
Title = {{The Lucid-timepix Spacecraft Payload and the CERN School Educational
   Programme}},
Journal = {{Journal of Instrumentation}},
Year = {{2018}},
Volume = {{13}},
Month = 1,
Article-number = {{C10004}},
Keywords = {Urban2017VZLUSAT, Mine},
}

@Article{ Isi:000444072500014,
Author = {Filgas, R.},
Title = {{Space Radiation Monitoring With Timepix}},
Journal = {{Astronomische Nachrichten}},
Year = {{2018}},
Volume = {{339}},
Number = {{5, Si}},
Pages = {{386--390}},
Month = 1,
Keywords = {Urban2017VZLUSAT, Mine},
}
