
@Inproceedings{ Isi:000511172300035,
Author = {Urban, Martin and Nentvich, Ondrej and Doubravova, Daniela and Petr,
   Ondrej and Inneman, Adolf and Hudec, Rene and Sieger, Ladislav},
Title = {{Timepix: Influence of Temperature and Vacuum on Equalisation of X-Ray
   Detector and Its Verification}},
Booktitle = {{UV, X-Ray, and Gamma-ray Space Instrumentation for Astronomy XXI}},
Year = {{2019}},
Volume = {{11118}},
Article-number = {{Unsp 111181h}},
keywords = {baca2018rospix, mine},
}
