
@Inproceedings{ Isi:000535354700002,
Author = {Hudec, R.},
Title = {{X/EUV and UV Optics for Miniature Cube Satellites Payloads}},
Booktitle = {{EUV and X-Ray Optics: Synergy Between Laboratory and Space Vi}},
Year = {{2019}},
Volume = {{11032}},
Article-number = {{1103204}},
keywords = {baca2018timepix, mine},
}
