

@Article{ Isi:000468983500007,
Author = {Tichy, V. And Barbera, M. And Hudec, R. And Willingale, R.},
Title = {{Effective Collecting Area Of Lobster Eye Optics And Optimal Value Of
   Effective Angle}},
Journal = {{Experimental Astronomy}},
Year = {{2019}},
Volume = {{47}},
Number = {{1-2}},
Pages = {{161--175}},
Month = {{Apr}},
Keywords = {Baca2016miniaturized},
}

@Article{ Isi:000459643100003,
Author = {Furnell, Will And Shenoy, Abhishek And Fox, Elliot And Hatfield, Peter},
Title = {{First Results From The Lucid-timepix Spacecraft Payload Onboard The
   Techdemosat-1 Satellite In Low Earth Orbit}},
Journal = {{Advances In Space Research}},
Year = {{2019}},
Volume = {{63}},
Number = {{5}},
Pages = {{1523--1540}},
Month = {{Mar 1}},
Orcid-numbers = {{Furnell, Will/0000-0002-8217-9045}},
Keywords = {Baca2016miniaturized},
}

@Article{ Isi:000462549300041,
Author = {Hatfield, Peter And Furnell, W. And Shenoy, A. And Fox, E. And Parker,
   B. And Thomas, L. And Rushton, E. A. C.},
Title = {{Iris Opens Pupils' Eyes To Real Space Research}},
Journal = {{Astronomy \& Geophysics}},
Year = {{2019}},
Volume = {{60}},
Number = {{1}},
Pages = {{22--24}},
Month = {{Feb}},
Orcid-numbers = {{Rushton, Elizabeth/0000-0002-6981-8797}},
Keywords = {Baca2016miniaturized},
}






@Article{ Isi:000448512600001,
Author = {Hatfield, P. And Furnell, W. And Shenoy, A. And Fox, E. And Parker, R.
   And Thomas, L.},
Title = {{The Lucid-timepix Spacecraft Payload And The CERN School Educational
   Programme}},
Journal = {{Journal Of Instrumentation}},
Year = {{2018}},
Volume = {{13}},
Month = {{Oct}},
   Sweden, Jun 24-28, 2018}},
Article-number = {{C10004}},
Orcid-numbers = {{Furnell, Will/0000-0002-8217-9045}},
Keywords = {Baca2016miniaturized},
}

@Article{ Isi:000444072500009,
Author = {Tichy, V. And Willingale, R.},
Title = {{Optimization Of Mirror Spacing Or Pore Width Of Lobster Eye Optics}},
Journal = {{Astronomische Nachrichten}},
Year = {{2018}},
Volume = {{339}},
Number = {{5, Si}},
Pages = {{363--366}},
Month = {{Jun}},
Keywords = {Baca2016miniaturized},
}


@Article{ Isi:000444072500014,
Author = {Filgas, R.},
Title = {{Space Radiation Monitoring With Timepix}},
Journal = {{Astronomische Nachrichten}},
Year = {{2018}},
Volume = {{339}},
Number = {{5, Si}},
Pages = {{386--390}},
Month = {{Jun}},
Keywords = {Baca2016miniaturized},
}


@Article{ Isi:000444072500020,
Author = {Hudec, R.},
Title = {{Low-dispersion Spectroscopy With Cubesats And Photographic Plates}},
Journal = {{Astronomische Nachrichten}},
Year = {{2018}},
Volume = {{339}},
Number = {{5, Si}},
Pages = {{416--419}},
Month = {{Jun}},
Keywords = {Baca2016miniaturized},
}

@Article{ Isi:000432795000001,
Author = {Hudec, R.},
Title = {{Axro Introduction And Historical Background}},
Journal = {{Contributions Of The Astronomical Observatory Skalnate Pleso}},
Year = {{2018}},
Volume = {{48}},
Number = {{3}},
Pages = {{396--404}},
Keywords = {Baca2016miniaturized},
}

@Article{ Isi:000432795000002,
Author = {Tichy, V. And Barbera, M. And Butcher, G. I. And Lo Cicero, U. And
   Collura, A. And Hudec, R. And Inneman, A. And Varisco, S. And
   Willingale, R.},
Title = {{Effects Of Manufacturing Inaccuracies On Spatial Resolution Of Lobster
   Eye Optics}},
Journal = {{Contributions Of The Astronomical Observatory Skalnate Pleso}},
Year = {{2018}},
Volume = {{48}},
Number = {{3}},
Pages = {{405--415}},
Keywords = {Baca2016miniaturized},
}



@Article{ Isi:000410733700001,
Author = {Hudec, R. And Remisova, K.},
Title = {{Biomimetics And Astronomical X-ray Optics}},
Journal = {{Contributions Of The Astronomical Observatory Skalnate Pleso}},
Year = {{2017}},
Volume = {{47}},
Number = {{2}},
Pages = {{67--75}},
Keywords = {Baca2016miniaturized},
}

@Article{ Isi:000410733700004,
Author = {Hudec, R. And Michalova, S.},
Title = {{Fish Eye Optics}},
Journal = {{Contributions Of The Astronomical Observatory Skalnate Pleso}},
Year = {{2017}},
Volume = {{47}},
Number = {{2}},
Pages = {{94--99}},
Researcherid-numbers = {{Hudec, Rene/g-9018-2014}},
Keywords = {Baca2016miniaturized},
}

@Article{ Isi:000410733700011,
Author = {Hudec, R.},
Title = {{Astrophysical Payloads For Picosatellites}},
Journal = {{Contributions Of The Astronomical Observatory Skalnate Pleso}},
Year = {{2017}},
Volume = {{47}},
Number = {{2}},
Pages = {{143--150}},
Keywords = {Baca2016miniaturized},
}


@Article{ Isi:000410733700013,
Author = {Vertat, I. And Linhart, R. And Masopust, J. And Vobornik, A. And
   Dudacek, L.},
Title = {{Earth's Thermal Radiation Sensors For Attitude Determination Systems Of
   Small Satellites}},
Journal = {{Contributions Of The Astronomical Observatory Skalnate Pleso}},
Year = {{2017}},
Volume = {{47}},
Number = {{2}},
Pages = {{157--164}},
Keywords = {Baca2016miniaturized},
}

@Article{ Isi:000410733700017,
Author = {Simon, V.},
Title = {{Perspectives Of The Lobster-eye Telescope: The Promising Types Of Cosmic
   X-ray Sources}},
Journal = {{Contributions Of The Astronomical Observatory Skalnate Pleso}},
Year = {{2017}},
Volume = {{47}},
Number = {{2}},
Pages = {{184--191}},
Researcherid-numbers = {{Simon, Vojtech/g-9046-2014}},
Keywords = {Baca2016miniaturized},
}




