
@Article{ Isi:000495059300002,
Author = {Rubi, Bartomeu and Perez, Ramon and Morcego, Bernardo},
Title = {{A Survey of Path Following Control Strategies for UAVs Focused On
   Quadrotors}},
Journal = {{Journal of Intelligent \& Robotic Systems}},
Year = {{2020}},
Volume = {{98}},
Number = {{2}},
Pages = {{241--265}},
Month = 1,
Early Access Date = {{Nov 2019}},
keywords = {baca2016embedded, mine},
}

@Article{ Isi:000502013800002,
Author = {Ding, Li and Wu, Hongtao},
Title = {{Dynamical Modelling and Robust Control for An Unmanned Aerial Robot
   Using Hexarotor With 2-dof Manipulator}},
Journal = {{International Journal of Aerospace Engineering}},
Year = {{2019}},
Volume = {{2019}},
Month = 1,
Article-number = {{5483073}},
keywords = {baca2016embedded, mine},
}

@Article{ Isi:000423534000008,
Author = {Faigl, Jan and Vana, Petr},
Title = {{Surveillance Planning With Bezier Curves}},
Journal = {{IEEE Robotics and Automation Letters}},
Year = {{2018}},
Volume = {{3}},
Number = {{2}},
Pages = {{750--757}},
Month = 1,
keywords = {baca2016embedded, mine},
}

@Inproceedings{ Isi:000426968704078,
Author = {Faigl, Jan and Vana, Petr},
Book-group-author = {{IEEE}},
Title = {{Unsupervised Learning for Surveillance Planning With Team of Aerial
   Vehicles}},
Booktitle = {{2017 International Joint Conference on Neural Networks (IJCNN)}},
Year = {{2017}},
Pages = {{4340--4347}},
keywords = {baca2016embedded, mine},
}
