
@article{ ISI:000538041800205,
Author = {Horla, Dariusz and Cieslak, Jacek},
Title = {{On Obtaining Energy-Optimal Trajectories for Landing of UAVs}},
Journal = {{Energies}},
Year = {{2020}},
Volume = {{13}},
Number = {{8}},
Month = 1,
Article-number = {{62}},
keywords = {baca2019autonomous, mine},
}

@Article{ Isi:000506678200158,
Author = {Wubben, Jamie and Fabra, Francisco and Calafate, Carlos T. And
   Krzeszowski, Tomasz and Marquez-barja, Johann M. and Cano, Juan-carlos
   and Manzoni, Pietro},
Title = {{Accurate Landing of Unmanned Aerial Vehicles Using Ground Pattern
   Recognition}},
Journal = {{Electronics}},
Year = {{2019}},
Volume = {{8}},
Number = {{12}},
Month = 1,
Article-number = {{1532}},
keywords = {baca2019autonomous, mine},
}

@Article{ Isi:000478758000020,
Author = {Goslinski, Jaroslaw and Giernacki, Wojciech and Krolikowski, Andrzej},
Title = {{A Nonlinear Filter for Efficient Attitude Estimation of Unmanned Aerial
   Vehicle (UAV)}},
Journal = {{Journal of Intelligent \& Robotic Systems}},
Year = {{2019}},
Volume = {{95}},
Number = {{3-4}},
Pages = {{1079--1095}},
Month = 1,
keywords = {baca2019autonomous, mine},
}

@Inproceedings{ Isi:000558081900040,
Author = {Potena, Ciro and Nardi, Daniele and Pretto, Alberto},
Book-author = {{Preucil, L
   Behnke, S
   Kulich, M}},
Book-group-author = {{IEEE}},
Title = {{Joint Vision-based Navigation, Control and Obstacle Avoidance for UAVs
   In Dynamic Environments}},
Booktitle = {{2019 European Conference on Mobile Robots (ECMR)}},
Year = {{2019}},
keywords = {baca2019autonomous, mine},
}
