
@article{ ISI:000510753400001,
Author = {Arul, Senthil Hariharan and Manocha, Dinesh},
Title = {{DCAD: Decentralized Collision Avoidance With Dynamics Constraints for
   Agile Quadrotor Swarms}},
Journal = {{IEEE Robotics and Automation Letters}},
Year = {{2020}},
Volume = {{5}},
Number = {{2}},
Pages = {{1191--1198}},
Month = 1,
keywords = {baca2018model, mine},
}

@Inproceedings{ Isi:000494942302035,
Author = {Faigl, Jan and Vana, Petr and Penicka, Robert},
Book-group-author = {{IEEE}},
Title = {{Multi-vehicle Close Enough Orienteering Problem With Bezier Curves For
   Multi-rotor Aerial Vehicles}},
Booktitle = {{2019 International Conference on Robotics and Automation (ICRA)}},
Year = {{2019}},
Pages = {{3039--3044}},
keywords = {baca2018model, mine},
}
