
@article{ ISI:000552932300002,
Author = {He, XiaoYan and Wang, QingYun and Hao, YuQing},
Title = {{Finite-time adaptive formation control for multi-agent systems with
   uncertainties under collision avoidance and connectivity maintenance}},
Journal = {{Science China-technological Sciences}},
Early Access Date = {{Jul 2020}},
keywords = {chudoba2016exploration, mine},
}
