
@Article{ Isi:000444072500014,
Author = {Filgas, R.},
Title = {{Space Radiation Monitoring With Timepix}},
Journal = {{Astronomische Nachrichten}},
Year = {{2018}},
Volume = {{339}},
Number = {{5, Si}},
Pages = {{386--390}},
Month = {{Jun}},
keywords = {daniel2017xray, mine},
}

@Article{ Isi:000444072500020,
Author = {Hudec, R.},
Title = {{Low-dispersion Spectroscopy With Cubesats and Photographic Plates}},
Journal = {{Astronomische Nachrichten}},
Year = {{2018}},
Volume = {{339}},
Number = {{5, Si}},
Pages = {{416--419}},
Month = {{Jun}},
keywords = {daniel2017xray, mine},
}

@Article{ Isi:000432795000001,
Author = {Hudec, R.},
Title = {{Axro Introduction and Historical Background}},
Journal = {{Contributions of the Astronomical Observatory Skalnate Pleso}},
Year = {{2018}},
Volume = {{48}},
Number = {{3}},
Pages = {{396--404}},
keywords = {daniel2017xray, mine},
}

@Article{ Isi:000410733700011,
Author = {Hudec, R.},
Title = {{Astrophysical Payloads for Picosatellites}},
Journal = {{Contributions of the Astronomical Observatory Skalnate Pleso}},
Year = {{2017}},
Volume = {{47}},
Number = {{2}},
Pages = {{143--150}},
keywords = {daniel2017xray, mine},
}
