
@Article{ Isi:000472661800006,
Author = {Alanazi, Abdulaziz And Straub, Jeremy},
Title = {{Engineering Methodology for Student-driven Cubesats}},
Journal = {{Aerospace}},
Year = {{2019}},
Volume = {{6}},
Number = {{5}},
Month = {{May}},
Article-number = {{54}},
Unique-id = {{Isi:000472661800006}},
}

@Article{ Isi:000459643100003,
Author = {Furnell, Will And Shenoy, Abhishek And Fox, Elliot And Hatfield, Peter},
Title = {{First Results From the Lucid-timepix Spacecraft Payload Onboard The
   Techdemosat-1 Satellite In Low Earth Orbit}},
Journal = {{Advances In Space Research}},
Year = {{2019}},
Volume = {{63}},
Number = {{5}},
Pages = {{1523--1540}},
Month = {{Mar 1}},
Eissn = {{1879-1948}},
Orcid-numbers = {{Furnell, Will/0000-0002-8217-9045}},
Unique-id = {{Isi:000459643100003}},
}

@Article{ Isi:000448512600001,
Author = {Hatfield, P. And Furnell, W. And Shenoy, A. And Fox, E. And Parker, R.
   And Thomas, L.},
Title = {{The Lucid-timepix Spacecraft Payload And the CERN School Educational
   Programme}},
Journal = {{Journal of Instrumentation}},
Year = {{2018}},
Volume = {{13}},
Month = {{Oct}},
   Sweden, Jun 24-28, 2018}},
Article-number = {{C10004}},
Orcid-numbers = {{Furnell, Will/0000-0002-8217-9045}},
Unique-id = {{Isi:000448512600001}},
}

@Article{ Isi:000432795000001,
Author = {Hudec, R.},
Title = {{Axro Introduction And Historical Background}},
Journal = {{Contributions of the Astronomical Observatory Skalnate Pleso}},
Year = {{2018}},
Volume = {{48}},
Number = {{3}},
Pages = {{396--404}},
Eissn = {{1336-0337}},
Unique-id = {{Isi:000432795000001}},
}

@Article{ Isi:000410733700001,
Author = {Hudec, R. And Remisova, K.},
Title = {{Biomimetics And Astronomical X-ray Optics}},
Journal = {{Contributions of the Astronomical Observatory Skalnate Pleso}},
Year = {{2017}},
Volume = {{47}},
Number = {{2}},
Pages = {{67--75}},
Eissn = {{1336-0337}},
Unique-id = {{Isi:000410733700001}},
}

@Article{ Isi:000410733700004,
Author = {Hudec, R. And Michalova, S.},
Title = {{Fish Eye Optics}},
Journal = {{Contributions of the Astronomical Observatory Skalnate Pleso}},
Year = {{2017}},
Volume = {{47}},
Number = {{2}},
Pages = {{94--99}},
Eissn = {{1336-0337}},
Researcherid-numbers = {{Hudec, Rene/g-9018-2014}},
Unique-id = {{Isi:000410733700004}},
}

@Article{ Isi:000410733700011,
Author = {Hudec, R.},
Title = {{Astrophysical Payloads for Picosatellites}},
Journal = {{Contributions of the Astronomical Observatory Skalnate Pleso}},
Year = {{2017}},
Volume = {{47}},
Number = {{2}},
Pages = {{143--150}},
Eissn = {{1336-0337}},
Unique-id = {{Isi:000410733700011}},
}
