
@article{ ISI:000573730700001,
Author = {Wolek, Artur and McMahon, James and Dzikowicz, Benjamin R. and Houston,
   Brian H.},
Title = {{The Orbiting Dubins Traveling Salesman Problem: planning inspection
   tours for a minehunting AUV}},
Journal = {{Autonomous Robots}},
Early Access Date = {{Sep 2020}},
keywords = {faigl2017onsolution, mine},
}
