
@article{ ISI:000535859600021,
Author = {Niu, Xi and Yuan, Xiaodong and Zhou, Yongwei and Fan, Hehua},
Title = {{UAV track planning based on evolution algorithm in embe dded system}},
Journal = {{Microprocessors and Microsystems}},
Year = {{2020}},
Volume = {{75}},
Month = 1,
Article-number = {{103068}},
keywords = {giernacki2019realtime, mine},
}

@Article{ Isi:000557617000001,
Author = {Ayyad, Abdulla and Chehadeh, Mohamad and Awad, I, Mohammad and Zweiri,
   Yahya},
Title = {{Real-time System Identification Using Deep Learning for Linear Processes
   With Application To Unmanned Aerial Vehicles}},
Journal = {{IEEE Access}},
Year = {{2020}},
Volume = {{8}},
Pages = {{122539--122553}},
keywords = {giernacki2019realtime, mine},
}
