
@article{ ISI:000471707300001,
Author = {Hamaza, Salua and Georgilas, Ioannis and Fernandez, Manuel and Sanchez,
   Pedro and Richardson, Thomas and Heredia, Guillermo and Ollero, Anibal},
Title = {{Sensor Installation and Retrieval Operations Using an Unmanned Aerial
   Manipulator}},
Journal = {{IEEE Robotics and Automation Letters}},
Year = {{2019}},
Volume = {{4}},
Number = {{3}},
Pages = {{2793--2800}},
Month = {{Jul}},
keywords = {loianno2018localization, mine},
}

@Article{ Isi:000455132600006,
Author = {Baehnemann, Rik and Pantie, Michael and Popovic, Marija and Schindler,
   Dominik and Tranzatto, Marco and Kamel, Mina and Grimm, Marius And
   Widauer, Jakob and Siegwart, Roland and Nieto, Juan},
Title = {{The ETH-MAV Team In the MBZInternational Robotics Challenge}},
Journal = {{Journal of Field Robotics}},
Year = {{2019}},
Volume = {{36}},
Number = {{1, Si}},
Pages = {{78--103}},
Month = {{Jan}},
keywords = {loianno2018localization, mine},
}

@Article{ Isi:000455132600012,
Author = {Beul, Marius and Nieuwenhuisen, Matthias and Quenzel, Jan and Rosu, Radu
   Alexandru and Horn, Jannis and Pavlichenko, Dmytro and Houben, Sebastian
   and Behnke, Sven},
Title = {{Team Nimbro At MBZIRC 2017: Fast Landing on A Moving Target and Treasure
   Hunting With A Team of Micro Aerial Vehicles}},
Journal = {{Journal of Field Robotics}},
Year = {{2019}},
Volume = {{36}},
Number = {{1, Si}},
Pages = {{204--229}},
Month = {{Jan}},
keywords = {loianno2018localization, mine},
}

@Article{ Isi:000442341000002,
Author = {Chung, Soon-jo and Paranjape, Aditya Avinash and Dames, Philip and Shen,
   Shaojie and Kumar, Vijay},
Title = {{A Survey on Aerial Swarm Robotics}},
Journal = {{IEEE Transactions on Robotics}},
Year = {{2018}},
Volume = {{34}},
Number = {{4}},
Pages = {{837--855}},
Month = {{Aug}},
keywords = {loianno2018localization, mine},
}

@Inproceedings{ Isi:000459211400095,
Author = {Wu, Yaqi and Song, Jin and Sun, Jiabi and Zhu, Fenfang and Chen, Haoyao},
Book-group-author = {{IEEE}},
Title = {{Aerial Grasping Based on Vr Perception and Haptic Control}},
Booktitle = {{Proceedings of 2018 IEEE International Conference on Real-time Computing
   and Robotics (IEEE RCAR)}},
Year = {{2018}},
Pages = {{556--562}},
keywords = {loianno2018localization, mine},
}

@Inproceedings{ Isi:000454860700012,
Author = {Villa, Daniel K. D. and Brandao, Alexandre S. and Sarcinelli-filho,
   Mario},
Book-group-author = {{IEEE}},
Title = {{Load Transportation Using Quadrotors: A Survey of Experimental Results}},
Booktitle = {{2018 International Conference on Unmanned Aircraft Systems (ICUAS)}},
Year = {{2018}},
Pages = {{84--93}},
keywords = {loianno2018localization, mine},
}
