
@article{ ISI:000584776900001,
Author = {Queralta, Jorge Pena and Taipalmaa, Jussi and Pullinen, Bilge Can and
   Sarker, Victor Kathan and Tuan Nguyen Gia and Tenhunen, Hannu and
   Gabbouj, Moncef and Raitoharju, Jenni and Westerlund, Tomi},
Title = {{Collaborative Multi-Robot Search and Rescue: Planning, Coordination,
   Perception, and Active Vision}},
Journal = {{IEEE Access}},
Year = {{2020}},
Volume = {{8}},
Pages = {{191617--191643}},
keywords = {petrlik2020robust, mine},
}
