
@article{ ISI:000526572000010,
Author = {Petrlik, Matej and Baca, Tomas and Hert, Daniel and Vrba, Matous and
   Krajnik, Tomas and Saska, Martin},
Title = {{A Robust UAV System for Operations in a Constrained Environment}},
Journal = {{IEEE Robotics and Automation Letters}},
Year = {{2020}},
Volume = {{5}},
Number = {{2}},
Pages = {{2169--2176}},
Month = 1,
keywords = {roucek2019darpa, mine},
}

@Article{ Isi:000584776900001,
Author = {Queralta, Jorge Pena and Taipalmaa, Jussi and Pullinen, Bilge Can And
   Sarker, Victor Kathan and Tuan Nguyen Gia and Tenhunen, Hannu And
   Gabbouj, Moncef and Raitoharju, Jenni and Westerlund, Tomi},
Title = {{Collaborative Multi-robot Search and Rescue: Planning, Coordination,
   Perception, and Active Vision}},
Journal = {{IEEE Access}},
Year = {{2020}},
Volume = {{8}},
Pages = {{191617--191643}},
keywords = {roucek2019darpa, mine},
}
