
@article{ ISI:000564977200001,
Author = {Gimenez, Javier and Salinas, Lucio R. and Gandolfo, Daniel C. and
   Rosales, Claudio D. and Carelli, Ricardo},
Title = {{Control for cooperative transport of a bar-shaped payload with
   rotorcraft UAVs including a landing stage on mobile robots}},
Journal = {{International Journal of Systems Science}},
Early Access Date = {{Sep 2020}},
keywords = {saikin2020wildfire, mine},
}
