
@Inproceedings{ Isi:000426957800009,
Author = {Shrit, Omar and Martin, Steven and Alagha, Khaldoun and Pujolle, Guy},
Book-group-author = {{IEEE}},
Title = {{A New Approach To Realize Drone Swarm Using Ad-hoc Network}},
Booktitle = {{2017 16th Annual Mediterranean Ad Hoc Networking Workshop (Med-Hoc-Net)}},
Year = {{2017}},
keywords = {saska2016system, mine},
}
