
@article{ ISI:000579336300001,
Author = {Dunn, James and Tron, Roberto},
Title = {{Temporal Siamese Networks for Clutter Mitigation Applied to Vision-Based
   Quadcopter Formation Control}},
Journal = {{IEEE Robotics and Automation Letters}},
Year = {{2021}},
Volume = {{6}},
Number = {{1}},
Pages = {{32--39}},
Month = 1,
keywords = {saska2017system, mine},
}

@Article{ Isi:000575121500003,
Author = {Moreno, Patricio and Esteva, Santiago and Mas, Ignacio and Giribet, I,
   Juan},
Title = {{Multi-UAV Specification and Control With A Single Pilot-in-the-loop}},
Journal = {{Unmanned Systems}},
Year = {{2020}},
Volume = {{8}},
Number = {{4, Si}},
Pages = {{269--277}},
Month = 1,
keywords = {saska2017system, mine},
}

@Article{ Isi:000541450300009,
Author = {Tian, Xin and Wei, Guoliang and Wang, Licheng and Zhou, Jun},
Title = {{Wireless -Sensor -Network -Based Target Localization: A Semidefinite
   Relaxation Approach With Adaptive Threshold Correction}},
Journal = {{Neurocomputing}},
Year = {{2020}},
Volume = {{405}},
Pages = {{229--238}},
Month = 1,
keywords = {saska2017system, mine},
}

@Article{ Isi:000536299200023,
Author = {Guo, Kexin and Li, Xiuxian and Xie, Lihua},
Title = {{Ultra-wideband and Odometry-based Cooperative Relative Localization With
   Application To Multi-UAV Formation Control}},
Journal = {{IEEE Transactions on Cybernetics}},
Year = {{2020}},
Volume = {{50}},
Number = {{6}},
Pages = {{2590--2603}},
Month = 1,
keywords = {saska2017system, mine},
}

@Article{ Isi:000535859600021,
Author = {Niu, Xi and Yuan, Xiaodong and Zhou, Yongwei and Fan, Hehua},
Title = {{UAV Track Planning Based on Evolution Algorithm In Embe Dded System}},
Journal = {{Microprocessors and Microsystems}},
Year = {{2020}},
Volume = {{75}},
Month = 1,
Article-number = {{103068}},
keywords = {saska2017system, mine},
}

@Article{ Isi:000544694700001,
Author = {Chen, Mingxing and Xiong, Zhi and Liu, Jianye and Wang, Rong and Xiong,
   Jun},
Title = {{Cooperative Navigation of Unmanned Aerial Vehicle Swarm Based On
   Cooperative Dilution of Precision}},
Journal = {{International Journal of Advanced Robotic Systems}},
Year = {{2020}},
Volume = {{17}},
Number = {{3}},
Month = 1,
Article-number = {{1729881420932717}},
keywords = {saska2017system, mine},
}

@Article{ Isi:000533346400083,
Author = {Chen, Chengbin and Tian, Yaoyuan and Lin, Liang and Chen, Sifan and Li,
   Hanwen and Wang, Yuxin and Su, Kaixiong},
Title = {{Obtaining World Coordinate Information of UAV In Gnss Denied
   Environments}},
Journal = {{Sensors}},
Year = {{2020}},
Volume = {{20}},
Number = {{8}},
Month = 1,
Article-number = {{2241}},
keywords = {saska2017system, mine},
}

@Article{ Isi:000547458600008,
Author = {Tao, Jia and Jia, Yuchen and Gao, Yuan},
Title = {{Intelligent Remote Monitoring System for Minor Faults of Intelligent
   Unmanned Vehicle}},
Journal = {{Jordan Journal of Mechanical and Industrial Engineering}},
Year = {{2020}},
Volume = {{14}},
Number = {{1, Si}},
Pages = {{61--70}},
Month = 1,
keywords = {saska2017system, mine},
}

@Article{ Isi:000547458600012,
Author = {Li, Yiping},
Title = {{Design of Path Tracking Control System for UAV Based on Adaptive Preview
   Method}},
Journal = {{Jordan Journal of Mechanical and Industrial Engineering}},
Year = {{2020}},
Volume = {{14}},
Number = {{1, Si}},
Pages = {{101--108}},
Month = 1,
keywords = {saska2017system, mine},
}

@Article{ Isi:000521175700001,
Author = {Isakhani, Hamid and Aouf, Nabil and Kechagias-stamatis, Odysseas And
   Whidborne, James F.},
Title = {{A Furcated Visual Collision Avoidance System for An Autonomous
   Microrobot}},
Journal = {{IEEE Transactions on Cognitive and Developmental Systems}},
Year = {{2020}},
Volume = {{12}},
Number = {{1}},
Pages = {{1--11}},
Month = 1,
keywords = {saska2017system, mine},
}

@Article{ Isi:000526677900001,
Author = {Coppola, Mario and Mcguire, Kimberly N. and De Wagter, Christophe and De
   Croon, Guido C. H. E.},
Title = {{A Survey on Swarming With Micro Air Vehicles: Fundamental Challenges And
   Constraints}},
Journal = {{Frontiers In Robotics and Ai}},
Year = {{2020}},
Volume = {{7}},
Month = 1,
Article-number = {{18}},
keywords = {saska2017system, mine},
}

@Inproceedings{ Isi:000570976900017,
Author = {Amir, Michael and Bruckstein, Alfred M.},
Title = {{Fast Uniform Dispersion of A Crash-prone Swarm}},
Booktitle = {{Robotics: Science and Systems Xvi}},
Year = {{2020}},
keywords = {saska2017system, mine},
}

@Article{ Isi:000562101600001,
Author = {She, Fujiang and Zhang, Yongjun and Shi, Dianxi and Zhou, Hao and Ren,
   Xiaoguang and Xu, Tianqi},
Title = {{Enhanced Relative Localization Based on Persistent Excitation For
   Multi-UAVs In Gps-denied Environments}},
Journal = {{IEEE Access}},
Year = {{2020}},
Volume = {{8}},
Pages = {{148136--148148}},
keywords = {saska2017system, mine},
}

@Article{ Isi:000506330700001,
Author = {Zaini, Abdul Hanif and Xie, Lihua},
Title = {{Distributed Drone Traffic Coordination Using Triggered Communication}},
Journal = {{Unmanned Systems}},
Year = {{2020}},
Volume = {{8}},
Number = {{1}},
Pages = {{1--20}},
Month = 1,
keywords = {saska2017system, mine},
}

@Article{ Isi:000500280200020,
Author = {Wang, Zhanxiu and Liu, Tengfei},
Title = {{Coordinated Formation Control of Wheeled Mobile Robots With Switching
   Communication Topologies}},
Journal = {{Iet Control Theory and Applications}},
Year = {{2019}},
Volume = {{13}},
Number = {{18}},
Pages = {{3164--3173}},
Month = 1,
keywords = {saska2017system, mine},
}

@Article{ Isi:000500962800002,
Author = {Martinez, Pablo and Barczyk, Martin},
Title = {{Implementation and Optimization of the Cascade Classifier Algorithm For
   UAV Detection and Tracking}},
Journal = {{Journal of Unmanned Vehicle Systems}},
Year = {{2019}},
Volume = {{7}},
Number = {{4}},
Pages = {{296--311}},
Month = 1,
keywords = {saska2017system, mine},
}

@Article{ Isi:000497864700086,
Author = {Tian, Xin and Wei, Guoliang and Wang, Jianhua and Zhang, Dianchen},
Title = {{A Localization and Tracking Approach In Nlos Environment Based On
   Distance and Angle Probability Model}},
Journal = {{Sensors}},
Year = {{2019}},
Volume = {{19}},
Number = {{20}},
Month = 1,
Article-number = {{4438}},
keywords = {saska2017system, mine},
}

@Article{ Isi:000494827600016,
Author = {Schilling, Fabian and Lecoeur, Julien and Schiano, Fabrizio And
   Floreano, Dario},
Title = {{Learning Vision-based Flight In Drone Swarms By Imitation}},
Journal = {{IEEE Robotics and Automation Letters}},
Year = {{2019}},
Volume = {{4}},
Number = {{4}},
Pages = {{4523--4530}},
Month = 1,
keywords = {saska2017system, mine},
}

@Article{ Isi:000475300300005,
Author = {Nilwong, Sivapong and Hossain, Delowar and Kaneko, Shin-ichiro and Capi,
   Genci},
Title = {{Deep Learning-based Landmark Detection for Mobile Robot Outdoor
   Localization}},
Journal = {{Machines}},
Year = {{2019}},
Volume = {{7}},
Number = {{2}},
Month = 1,
Article-number = {{25}},
keywords = {saska2017system, mine},
}

@Article{ Isi:000463843400022,
Author = {Lopez-martinez, A. and Cuevas, F. J.},
Title = {{Automatic Circle Detection on Images Using the Teaching Learning Based
   Optimization Algorithm and Gradient Analysis}},
Journal = {{Applied Intelligence}},
Year = {{2019}},
Volume = {{49}},
Number = {{5}},
Pages = {{2001--2016}},
Month = 1,
keywords = {saska2017system, mine},
}

@Inproceedings{ Isi:000555859005134,
Author = {Chen, Zhuo and Jiang, Chao and Guo, Yi},
Book-group-author = {{IEEE}},
Title = {{Distance-based Formation Control of A Three-robot System}},
Booktitle = {{Proceedings of the 2019 31st Chinese Control and Decision Conference
   (Ccdc 2019)}},
Year = {{2019}},
Pages = {{5501--5507}},
keywords = {saska2017system, mine},
}

@Article{ Isi:000510255100019,
Author = {Erez, Dana and Arogeti, Shai and Zarrouk, David},
Title = {{A Novel Simple Two-robot Precise Self-localization Method}},
Journal = {{IEEE Access}},
Year = {{2019}},
Volume = {{7}},
Pages = {{154044--154055}},
keywords = {saska2017system, mine},
}

@Article{ Isi:000498616600001,
Author = {Shen, Dawei and Lu, Qiang},
Title = {{Hierarchical Formation Control With Applications To Multi-quadrotor
   Systems}},
Journal = {{IEEE Access}},
Year = {{2019}},
Volume = {{7}},
Pages = {{130599--130609}},
keywords = {saska2017system, mine},
}

@Inproceedings{ Isi:000474345000017,
Author = {Amir, Michael and Bruckstein, Alfred M.},
Book-group-author = {{Assoc Comp Machinery}},
Title = {{Minimizing Travel In the Uniform Dispersal Problem for Robotic Sensors}},
Booktitle = {{AAMAS `19: Proceedings of the 18th International Conference On
   Autonomous Agents and Multiagent Systems}},
Year = {{2019}},
Pages = {{113--121}},
keywords = {saska2017system, mine},
}

@Inproceedings{ Isi:000465234300019,
Author = {Soria, Enrica and Schiano, Fabrizio and Floreano, Dario},
Book-group-author = {{IEEE}},
Title = {{The Influence of Limited Visual Sensing on the Reynolds Flocking
   Algorithm}},
Booktitle = {{2019 Third IEEE International Conference on Robotic Computing (IRC 2019)}},
Year = {{2019}},
Pages = {{138--145}},
keywords = {saska2017system, mine},
}

@Article{ Isi:000456364700001,
Author = {Zhang, An and Zhou, Ding and Yang, Mi and Yang, Pan},
Title = {{Finite-time Formation Control for Unmanned Aerial Vehicle Swarm System
   With Time-delay and Input Saturation}},
Journal = {{IEEE Access}},
Year = {{2019}},
Volume = {{7}},
Pages = {{5853--5864}},
keywords = {saska2017system, mine},
}

@Article{ Isi:000455132600012,
Author = {Beul, Marius and Nieuwenhuisen, Matthias and Quenzel, Jan and Rosu, Radu
   Alexandru and Horn, Jannis and Pavlichenko, Dmytro and Houben, Sebastian
   and Behnke, Sven},
Title = {{Team Nimbro At MBZIRC 2017: Fast Landing on A Moving Target and Treasure
   Hunting With A Team of Micro Aerial Vehicles}},
Journal = {{Journal of Field Robotics}},
Year = {{2019}},
Volume = {{36}},
Number = {{1, Si}},
Pages = {{204--229}},
Month = 1,
keywords = {saska2017system, mine},
}

@Article{ Isi:000447819300009,
Author = {Liu, Chang and Hu, Weiduo},
Title = {{Real-time Geometric Fitting and Pose Estimation for Surface Of
   Revolution}},
Journal = {{Pattern Recognition}},
Year = {{2019}},
Volume = {{85}},
Pages = {{90--108}},
Month = 1,
keywords = {saska2017system, mine},
}

@Article{ Isi:000448463200002,
Author = {Suzuki, S.},
Title = {{Recent Researches on Innovative Drone Technologies In Robotics Field}},
Journal = {{Advanced Robotics}},
Year = {{2018}},
Volume = {{32}},
Number = {{19, Si}},
Pages = {{1008--1022}},
Month = 1,
keywords = {saska2017system, mine},
}

@Inproceedings{ Isi:000492762400123,
Author = {Kohlbacher, Anton and Eliasson, Jens and Acres, Kevin and Chung, Hoam
   and Barca, Jan Carlo},
Book-group-author = {{IEEE}},
Title = {{A Low Cost Omnidirectional Relative Localization Sensor for Swarm
   Applications}},
Booktitle = {{2018 IEEE 4th World Forum on Internet of Things (Wf-iot)}},
Year = {{2018}},
Pages = {{694--699}},
keywords = {saska2017system, mine},
}

@Inproceedings{ Isi:000458872700019,
Author = {Poiesi, Fabio and Cavallaro, Andrea},
Book-author = {{Kosecka, J}},
Title = {{A Distributed Vision-based Consensus Model for Aerial-robotic Teams}},
Booktitle = {{2018 IEEE/RSJ International Conference on Intelligent Robots and Systems
   (IROS)}},
Year = {{2018}},
Pages = {{169--176}},
keywords = {saska2017system, mine},
}

@Inproceedings{ Isi:000454860700008,
Author = {Giribet, Juan I. and Mas, Ignacio and Moreno, Patricio},
Book-group-author = {{IEEE}},
Title = {{Vision-based Integrated Navigation System and Optimal Allocation In
   Formation Flying}},
Booktitle = {{2018 International Conference on Unmanned Aircraft Systems (ICUAS)}},
Year = {{2018}},
Pages = {{52--61}},
keywords = {saska2017system, mine},
}

@Inproceedings{ Isi:000505811102080,
Author = {Maeda, Keigo and Funabora, Yuki and Doki, Shinji and Doki, Kae},
Book-group-author = {{IEEE}},
Title = {{Flight Path Planning of Multiple UAVs for Robust Localization Near
   Infrastructure Facilities}},
Booktitle = {{IECON 2018 - 44th Annual Conference of the IEEE Industrial Electronics
   Society}},
Year = {{2018}},
Pages = {{2522--2527}},
keywords = {saska2017system, mine},
}

@Inproceedings{ Isi:000426957800009,
Author = {Shrit, Omar and Martin, Steven and Alagha, Khaldoun and Pujolle, Guy},
Book-group-author = {{IEEE}},
Title = {{A New Approach To Realize Drone Swarm Using Ad-hoc Network}},
Booktitle = {{2017 16th Annual Mediterranean Ad Hoc Networking Workshop (Med-Hoc-Net)}},
Year = {{2017}},
keywords = {saska2017system, mine},
}
