
@article{ ISI:000520954200018,
Author = {Jackson, Brian E. and Howell, Taylor A. and Shah, Kunal and Schwager,
   Mac and Manchester, Zachary},
Title = {{Scalable Cooperative Transport of Cable-Suspended Loads With UAVs Using
   Distributed Trajectory Optimization}},
Journal = {{IEEE Robotics and Automation Letters}},
Year = {{2020}},
Volume = {{5}},
Number = {{2}},
Pages = {{3368--3374}},
Month = 1,
keywords = {spurny2019cooperative, mine},
}

@Article{ Isi:000484454000012,
Author = {Mohiuddin, Abdullah and Taha, Tarek and Zweiri, Yahya and Gan, Dongming},
Title = {{UAV Payload Transportation Via Rtdp Based Optimized Velocity Profiles}},
Journal = {{Energies}},
Year = {{2019}},
Volume = {{12}},
Number = {{16}},
Month = 1,
Article-number = {{3049}},
keywords = {spurny2019cooperative, mine},
}
