
@article{ ISI:000478758000020,
Author = {Goslinski, Jaroslaw and Giernacki, Wojciech and Krolikowski, Andrzej},
Title = {{A Nonlinear Filter for Efficient Attitude Estimation of Unmanned Aerial
   Vehicle (UAV)}},
Journal = {{Journal of Intelligent \& Robotic Systems}},
Year = {{2019}},
Volume = {{95}},
Number = {{3-4}},
Pages = {{1079--1095}},
Month = {{Sep}},
keywords = {spurny2018cooperative, mine},
}

@Article{ Isi:000460696500034,
Author = {Giernacki, Wojciech},
Title = {{Iterative Learning Method for In-flight Auto-tuning of UAV Controllers
   Based on Basic Sensory Information}},
Journal = {{Applied Sciences-basel}},
Year = {{2019}},
Volume = {{9}},
Number = {{4}},
Month = {{Feb 2}},
Article-number = {{648}},
keywords = {spurny2018cooperative, mine},
}
