
@Article{ Isi:000459643100003,
Author = {Furnell, Will and Shenoy, Abhishek and Fox, Elliot and Hatfield, Peter},
Title = {{First Results From the Lucid-timepix Spacecraft Payload Onboard The
   Techdemosat-1 Satellite In Low Earth Orbit}},
Journal = {{Advances In Space Research}},
Year = {{2019}},
Volume = {{63}},
Number = {{5}},
Pages = {{1523--1540}},
Month = {{Mar 1}},
keywords = {urban2017VZLUSAT, mine},
}

@Article{ Isi:000448512600001,
Author = {Hatfield, P. and Furnell, W. and Shenoy, A. and Fox, E. and Parker, R.
   and Thomas, L.},
Title = {{The Lucid-timepix Spacecraft Payload and the CERN school Educational
   Programme}},
Journal = {{Journal of Instrumentation}},
Year = {{2018}},
Volume = {{13}},
Month = {{Oct}},
Article-number = {{C10004}},
keywords = {urban2017VZLUSAT, mine},
}

@Article{ Isi:000444072500014,
Author = {Filgas, R.},
Title = {{Space Radiation Monitoring With Timepix}},
Journal = {{Astronomische Nachrichten}},
Year = {{2018}},
Volume = {{339}},
Number = {{5, Si}},
Pages = {{386--390}},
Month = {{Jun}},
keywords = {urban2017VZLUSAT, mine},
}
