
@article{ ISI:000567367300001,
Author = {Cazzato, Dario and Cimarelli, Claudio and Sanchez-Lopez, Jose Luis and
   Voos, Holger and Leo, Marco},
Title = {{A Survey of Computer Vision Methods for 2D Object Detection from
   Unmanned Aerial Vehicles}},
Journal = {{JOURNAL OF IMAGING}},
Year = {{2020}},
Volume = {{6}},
Number = {{8}},
Month = {{AUG}},
DOI = {{10.3390/jimaging6080078}},
Article-Number = {{78}},
EISSN = {{2313-433X}},
ResearcherID-Numbers = {{Leo, Marco/AAG-6296-2019
   Sanchez-Lopez, Jose Luis/J-6015-2012
   }},
ORCID-Numbers = {{Leo, Marco/0000-0001-5636-6130
   Cazzato, Dario/0000-0002-5472-9150
   Sanchez-Lopez, Jose Luis/0000-0001-5018-0925
   Cimarelli, Claudio/0000-0002-0414-8278}},
Unique-ID = {{ISI:000567367300001}},
}

@article{ ISI:000553196000001,
Author = {Galimov, Musa and Fedorenko, Roman and Klimchik, Alexander},
Title = {{UAV Positioning Mechanisms in Landing Stations: Classification and
   Engineering Design Review}},
Journal = {{SENSORS}},
Year = {{2020}},
Volume = {{20}},
Number = {{13}},
Month = {{JUL}},
DOI = {{10.3390/s20133648}},
Article-Number = {{3648}},
EISSN = {{1424-8220}},
ResearcherID-Numbers = {{Klimchik, Alexandr/F-8458-2016
   }},
ORCID-Numbers = {{Klimchik, Alexandr/0000-0002-2244-1849
   Fedorenko, Roman/0000-0002-9248-6751}},
Unique-ID = {{ISI:000553196000001}},
}

@article{ ISI:000526521400006,
Author = {Petracek, Pavel and Kratky, Vit and Saska, Martin},
Title = {{Dronument: System for Reliable Deployment of Micro Aerial Vehicles in
   Dark Areas of Large Historical Monuments}},
Journal = {{IEEE ROBOTICS AND AUTOMATION LETTERS}},
Year = {{2020}},
Volume = {{5}},
Number = {{2}},
Pages = {{2078-2085}},
Month = {{APR}},
DOI = {{10.1109/LRA.2020.2969935}},
ISSN = {{2377-3766}},
ResearcherID-Numbers = {{Petracek, Pavel/ABI-4451-2020
   }},
ORCID-Numbers = {{Petracek, Pavel/0000-0002-0887-9430
   Kratky, Vit/0000-0002-1914-742X}},
Unique-ID = {{ISI:000526521400006}},
}

@article{ ISI:000525118900013,
Author = {Polvara, Riccardo and Patacchiola, Massimiliano and Hanheide, Marc and
   Neumann, Gerhard},
Title = {{Sim-to-Real Quadrotor Landing via Sequential Deep Q-Networks and Domain
   Randomization}},
Journal = {{ROBOTICS}},
Year = {{2020}},
Volume = {{9}},
Number = {{1}},
Month = {{MAR}},
DOI = {{10.3390/robotics9010008}},
Article-Number = {{8}},
EISSN = {{2218-6581}},
ORCID-Numbers = {{Patacchiola, Massimiliano/0000-0002-9500-6899
   Polvara, Riccardo/0000-0001-8318-7269
   Hanheide, Marc/0000-0001-7728-1849}},
Unique-ID = {{ISI:000525118900013}},
}

@article{ ISI:000477785800010,
Author = {Bhargavapuri, Mahathi and Shastry, Animesh Kumar and Sinha, Harsh and
   Sahoo, Soumya Ranjan and Kothari, Mangal},
Title = {{Vision-based autonomous tracking and landing of a fully-actuated
   rotorcraft}},
Journal = {{CONTROL ENGINEERING PRACTICE}},
Year = {{2019}},
Volume = {{89}},
Pages = {{113-129}},
Month = {{AUG}},
DOI = {{10.1016/j.conengprac.2019.05.015}},
ISSN = {{0967-0661}},
EISSN = {{1873-6939}},
ORCID-Numbers = {{Kothari, Mangal/0000-0003-4713-7832}},
Unique-ID = {{ISI:000477785800010}},
}

@inproceedings{ ISI:000554861000014,
Author = {Jeske, Petr and Kloucek, Stepan and Saska, Martin},
Editor = {{Mazal, J}},
Title = {{Autonomous Compact Monitoring of Large Areas Using Micro Aerial Vehicles
   with Limited Sensory Information and Computational Resources}},
Booktitle = {{MODELLING AND SIMULATION FOR AUTONOMOUS SYSTEMS (MESAS 2018)}},
Series = {{Lecture Notes in Computer Science}},
Year = {{2019}},
Volume = {{11472}},
Pages = {{158-171}},
Note = {{5th International Workshop on Modelling and Simulation for Autonomous
   Systems (MESAS), Prague, CZECH REPUBLIC, OCT 17-19, 2018}},
Organization = {{NATO Modelling \& Simulat Ctr Excellence}},
DOI = {{10.1007/978-3-030-14984-0\_14}},
ISSN = {{0302-9743}},
EISSN = {{1611-3349}},
ISBN = {{978-3-030-14984-0; 978-3-030-14983-3}},
Unique-ID = {{ISI:000554861000014}},
}

@article{ ISI:000501390700008,
Author = {Nascimento, Tiago P. and Saska, Martin},
Title = {{Position and attitude control of multi-rotor aerial vehicles: A survey}},
Journal = {{ANNUAL REVIEWS IN CONTROL}},
Year = {{2019}},
Volume = {{48}},
Pages = {{129-146}},
DOI = {{10.1016/j.arcontrol.2019.08.004}},
ISSN = {{1367-5788}},
ResearcherID-Numbers = {{Nascimento, Tiago Pereira do/G-4409-2015}},
ORCID-Numbers = {{Nascimento, Tiago Pereira do/0000-0002-9319-2114}},
Unique-ID = {{ISI:000501390700008}},
}

@article{ ISI:000455132600006,
Author = {Baehnemann, Rik and Pantie, Michael and Popovic, Marija and Schindler,
   Dominik and Tranzatto, Marco and Kamel, Mina and Grimm, Marius and
   Widauer, Jakob and Siegwart, Roland and Nieto, Juan},
Title = {{The ETH-MAV Team in the MBZ International Robotics Challenge}},
Journal = {{JOURNAL OF FIELD ROBOTICS}},
Year = {{2019}},
Volume = {{36}},
Number = {{1, SI}},
Pages = {{78-103}},
Month = {{JAN}},
DOI = {{10.1002/rob.21824}},
ISSN = {{1556-4959}},
EISSN = {{1556-4967}},
ORCID-Numbers = {{Bahnemann, Rik/0000-0002-2548-7746}},
Unique-ID = {{ISI:000455132600006}},
}

@article{ ISI:000455132600012,
Author = {Beul, Marius and Nieuwenhuisen, Matthias and Quenzel, Jan and Rosu, Radu
   Alexandru and Horn, Jannis and Pavlichenko, Dmytro and Houben, Sebastian
   and Behnke, Sven},
Title = {{Team NimbRo at MBZIRC 2017: Fast landing on a moving target and treasure
   hunting with a team of micro aerial vehicles}},
Journal = {{JOURNAL OF FIELD ROBOTICS}},
Year = {{2019}},
Volume = {{36}},
Number = {{1, SI}},
Pages = {{204-229}},
Month = {{JAN}},
DOI = {{10.1002/rob.21817}},
ISSN = {{1556-4959}},
EISSN = {{1556-4967}},
ResearcherID-Numbers = {{Behnke, Sven/B-5509-2013
   Houben, Sebastian/R-1865-2019
   Nieuwenhuisen, Matthias/C-4205-2019}},
ORCID-Numbers = {{Behnke, Sven/0000-0002-5040-7525
   Houben, Sebastian/0000-0002-2036-419X
   Rosu, Radu Alexandru/0000-0001-7349-4126
   Nieuwenhuisen, Matthias/0000-0002-3706-592X}},
Unique-ID = {{ISI:000455132600012}},
}

@inproceedings{ ISI:000458872706029,
Author = {Baca, Tomas and Hert, Daniel and Loianno, Giuseppe and Saska, Martin and
   Kumar, Vijay},
Editor = {{Maciejewski, AA and Okamura, A and Bicchi, A and Stachniss, C and Song, DZ and Lee, DH and Chaumette, F and Ding, H and Li, JS and Wen, J and Roberts, J and Masamune, K and Chong, NY and Amato, N and Tsagwarakis, N and Rocco, P and Asfour, T and Chung, WK and Yasuyoshi, Y and Sun, Y and Maciekeski, T and Althoefer, K and AndradeCetto, J and Chung, WK and Demircan, E and Dias, J and Fraisse, P and Gross, R and Harada, H and Hasegawa, Y and Hayashibe, M and Kiguchi, K and Kim, K and Kroeger, T and Li, Y and Ma, S and Mochiyama, H and Monje, CA and Rekleitis, I and Roberts, R and Stulp, F and Tsai, CHD and Zollo, L}},
Book-Author = {{Kosecka, J}},
Title = {{Model Predictive Trajectory Tracking and Collision Avoidance for
   Reliable Outdoor Deployment of Unmanned Aerial Vehicles}},
Booktitle = {{2018 IEEE/RSJ INTERNATIONAL CONFERENCE ON INTELLIGENT ROBOTS AND SYSTEMS
   (IROS)}},
Series = {{IEEE International Conference on Intelligent Robots and Systems}},
Year = {{2018}},
Pages = {{6753-6760}},
Note = {{25th IEEE/RSJ International Conference on Intelligent Robots and Systems
   (IROS), Madrid, SPAIN, OCT 01-05, 2018}},
Organization = {{IEEE Robot \& Automat Soc; IEEE Ind Elect Soc; Robot Soc Japan; Soc
   Instrument \& Control Engineers; New Technol Fdn; IEEE; Adept
   MobileRobots; Willow Garage; Aldebaran Robot; Natl Instruments;
   Reflexxes GmbH; Schunk Intec S L U; Univ Carlos III Madrid; BOSCH; JD
   COM; Pal Robot; KUKA; Santander; Squirrel AI Learning; Baidu; Generat
   Robots; KINOVA Robot; Ouster; Univ Pablo Olavide Sevilla; Rapyuta Robot;
   SICK; TOYOTA; UP; Amazon; ARGO; Built Robot; Disney Res; Easy Mile;
   Hitachi; Robot; Khalifa Univ; Magazino; MathWorks; New Dexterity;
   Schunk; nuTonomy; PILZ; Prophesee; Rootnik; Saga Robot; Shadow; Soft
   Bank Robot; Anyverse; GalTech; Generat Robot; IEEE CAA Journal
   Automatica Sinica; Sci Robot, AAAS; TERAS}},
ISSN = {{2153-0858}},
ISBN = {{978-1-5386-8094-0}},
ResearcherID-Numbers = {{Saska, Martin/L-3669-2013
   Baca, Tomas/W-2903-2018
   Kumar, Vijay/AAM-8545-2020}},
ORCID-Numbers = {{Baca, Tomas/0000-0001-9649-8277
   }},
Unique-ID = {{ISI:000458872706029}},
}

@inproceedings{ ISI:000454860700015,
Author = {Lee, Seongheon and Shim, Taemin and Kim, Sungjoong and Park, Junwoo and
   Hong, Kyungwoo and Bang, Hyochoong},
Book-Group-Author = {{IEEE}},
Title = {{Vision-Based Autonomous Landing of a Multi-Copter Unmanned Aerial
   Vehicle using Reinforcement Learning}},
Booktitle = {{2018 INTERNATIONAL CONFERENCE ON UNMANNED AIRCRAFT SYSTEMS (ICUAS)}},
Series = {{International Conference on Unmanned Aircraft Systems}},
Year = {{2018}},
Pages = {{108-114}},
Note = {{INTERNATIONAL CONFERENCE ON UNMANNED AIRCRAFT SYSTEMS (ICUAS), Dallas,
   TX, JUN 12-15, 2018}},
Organization = {{IEEE; IEEE robotics \& Automat Soc; CSS; MCA; Univ Denver; Univ Texas;
   Univ Denver, Daniel Felix Ritchie Sch engn \& Comp sci; BLANKROME; FT
   Technologies; QUANSER; RCbenchmark}},
ISSN = {{2373-6720}},
ISBN = {{978-1-5386-1354-2}},
Unique-ID = {{ISI:000454860700015}},
}
