
@article{ ISI:000452326500044,
Author = {Rabah, Mohammed and Rohan, Ali and Talha, Muhammad and Nam, Kang-Hyun
   and Kim, Sung Ho},
Title = {{Autonomous Vision-based Target Detection and Safe Landing for UAV}},
Journal = {{INTERNATIONAL JOURNAL OF CONTROL AUTOMATION AND SYSTEMS}},
Year = {{2018}},
Volume = {{16}},
Number = {{6}},
Pages = {{3013-3025}},
Month = {{DEC}},
DOI = {{10.1007/s12555-018-0017-x}},
ISSN = {{1598-6446}},
EISSN = {{2005-4092}},
ResearcherID-Numbers = {{Rabah, Mohamed/D-8148-2019
   ROHAN, ALI/AAA-4059-2019
   Talha, Muhammad/N-6257-2016
   Rabah, Mohamed/L-5274-2019}},
ORCID-Numbers = {{Rabah, Mohamed/0000-0001-6840-2100
   ROHAN, ALI/0000-0002-6496-0452
   Talha, Muhammad/0000-0002-8173-5935
   Rabah, Mohamed/0000-0001-6840-2100}},
Unique-ID = {{ISI:000452326500044}},
}

@article{ ISI:000385097200001,
Author = {Jeong, Hyeok-June and Choi, Jeong Dan and Ha, Young-Guk},
Title = {{Vision Based Displacement Detection for Stabilized UAV Control on Cloud
   Server}},
Journal = {{MOBILE INFORMATION SYSTEMS}},
Year = {{2016}},
Volume = {{2016}},
DOI = {{10.1155/2016/8937176}},
Article-Number = {{8937176}},
ISSN = {{1574-017X}},
EISSN = {{1875-905X}},
Unique-ID = {{ISI:000385097200001}},
}
