
@article{ ISI:000576148300001,
Author = {Gopalakrishnan, Muralikrishnan and Mohanty, Nalin Kant},
Title = {{Integration ofCFA(2)FBcontrol scheme with modified shunt active line
   conditioner (MSALC) connected distribution system for mitigation of
   harmonics}},
Journal = {{INTERNATIONAL TRANSACTIONS ON ELECTRICAL ENERGY SYSTEMS}},
Year = {{2020}},
Volume = {{30}},
Number = {{12}},
Month = {{DEC}},
DOI = {{10.1002/2050-7038.12652}},
Early Access Date = {{OCT 2020}},
Article-Number = {{e12652}},
ISSN = {{2050-7038}},
Unique-ID = {{ISI:000576148300001}},
}

@article{ ISI:000585103300001,
Author = {Rodriguez-Abreo, Omar and Manuel Garcia-Guendulain, Juan and
   Hernandez-Alvarado, Rodrigo and Flores Rangel, Alejandro and
   Fuentes-Silva, Carlos},
Title = {{Genetic Algorithm-Based Tuning of Backstepping Controller for a
   Quadrotor-Type Unmanned Aerial Vehicle}},
Journal = {{ELECTRONICS}},
Year = {{2020}},
Volume = {{9}},
Number = {{10}},
Month = {{OCT}},
DOI = {{10.3390/electronics9101735}},
Article-Number = {{1735}},
EISSN = {{2079-9292}},
Unique-ID = {{ISI:000585103300001}},
}

@article{ ISI:000535859600021,
Author = {Niu, Xi and Yuan, Xiaodong and Zhou, Yongwei and Fan, Hehua},
Title = {{UAV track planning based on evolution algorithm in embe dded system}},
Journal = {{MICROPROCESSORS AND MICROSYSTEMS}},
Year = {{2020}},
Volume = {{75}},
Month = {{JUN}},
DOI = {{10.1016/j.micpro.2020.103068}},
Article-Number = {{103068}},
ISSN = {{0141-9331}},
EISSN = {{1872-9436}},
Unique-ID = {{ISI:000535859600021}},
}

@article{ ISI:000557617000001,
Author = {Ayyad, Abdulla and Chehadeh, Mohamad and Awad, I, Mohammad and Zweiri,
   Yahya},
Title = {{Real-Time System Identification Using Deep Learning for Linear Processes
   With Application to Unmanned Aerial Vehicles}},
Journal = {{IEEE ACCESS}},
Year = {{2020}},
Volume = {{8}},
Pages = {{122539-122553}},
DOI = {{10.1109/ACCESS.2020.3006277}},
ISSN = {{2169-3536}},
ORCID-Numbers = {{Awad, Mohammad/0000-0003-1576-5359
   Zweiri, Yahya/0000-0003-4331-7254}},
Unique-ID = {{ISI:000557617000001}},
}

@article{ ISI:000460696500034,
Author = {Giernacki, Wojciech},
Title = {{Iterative Learning Method for In-Flight Auto-Tuning of UAV Controllers
   Based on Basic Sensory Information}},
Journal = {{APPLIED SCIENCES-BASEL}},
Year = {{2019}},
Volume = {{9}},
Number = {{4}},
Month = {{FEB 2}},
DOI = {{10.3390/app9040648}},
Article-Number = {{648}},
EISSN = {{2076-3417}},
ResearcherID-Numbers = {{Giernacki, Wojciech/M-2225-2014}},
ORCID-Numbers = {{Giernacki, Wojciech/0000-0003-1747-4010}},
Unique-ID = {{ISI:000460696500034}},
}
