
@article{ ISI:000564977200001,
Author = {Gimenez, Javier and Salinas, Lucio R. and Gandolfo, Daniel C. and
   Rosales, Claudio D. and Carelli, Ricardo},
Title = {{Control for cooperative transport of a bar-shaped payload with
   rotorcraft UAVs including a landing stage on mobile robots}},
Journal = {{INTERNATIONAL JOURNAL OF SYSTEMS SCIENCE}},
DOI = {{10.1080/00207721.2020.1815096}},
Early Access Date = {{SEP 2020}},
ISSN = {{0020-7721}},
EISSN = {{1464-5319}},
Unique-ID = {{ISI:000564977200001}},
}
