
@article{ ISI:000534593100033,
Author = {Michieletto, Giulia and Cenedese, Angelo and Zaccarian, Luca and
   Franchi, Antonio},
Title = {{Hierarchical nonlinear control for multi-rotor asymptotic stabilization
   based on zero-moment direction}},
Journal = {{AUTOMATICA}},
Year = {{2020}},
Volume = {{117}},
Month = {{JUL}},
DOI = {{10.1016/j.automatica.2020.108991}},
Article-Number = {{108991}},
ISSN = {{0005-1098}},
EISSN = {{1873-2836}},
ResearcherID-Numbers = {{CENEDESE, ANGELO/AAP-8745-2020}},
ORCID-Numbers = {{CENEDESE, ANGELO/0000-0003-2249-5094}},
Unique-ID = {{ISI:000534593100033}},
}

@article{ ISI:000534838300001,
Author = {Campos-Macias, Leobardo and Aldana-Lopez, Rodrigo and de la Guardia,
   Rafael and Parra-Vilchis, Jose I. and Gomez-Gutierrez, David},
Title = {{Autonomous navigation of MAVs in unknown cluttered environments}},
Journal = {{JOURNAL OF FIELD ROBOTICS}},
DOI = {{10.1002/rob.21959}},
Early Access Date = {{MAY 2020}},
ISSN = {{1556-4959}},
EISSN = {{1556-4967}},
ORCID-Numbers = {{Gomez-Gutierrez, David/0000-0002-2113-3369}},
Unique-ID = {{ISI:000534838300001}},
}

@article{ ISI:000528275000003,
Author = {Mohiuddin, Abdullah and Tarek, Taha and Zweiri, Yahya and Gan, Dongming},
Title = {{A Survey of Single and Multi-UAV Aerial Manipulation}},
Journal = {{UNMANNED SYSTEMS}},
Year = {{2020}},
Volume = {{8}},
Number = {{2}},
Pages = {{119-147}},
Month = {{APR}},
DOI = {{10.1142/S2301385020500089}},
ISSN = {{2301-3850}},
EISSN = {{2301-3869}},
ORCID-Numbers = {{Mohiuddin, Abdullah/0000-0003-1370-4210
   Zweiri, Yahya/0000-0003-4331-7254
   Gan, Dongming/0000-0001-5327-1902}},
Unique-ID = {{ISI:000528275000003}},
}

@article{ ISI:000526572000012,
Author = {Sanalitro, Dario and Savino, Heitor J. and Tognon, Marco and Cortes,
   Juan and Franchi, Antonio},
Title = {{Full-Pose Manipulation Control of a Cable-Suspended Load With Multiple
   UAVs Under Uncertainties}},
Journal = {{IEEE ROBOTICS AND AUTOMATION LETTERS}},
Year = {{2020}},
Volume = {{5}},
Number = {{2}},
Pages = {{2185-2191}},
Month = {{APR}},
DOI = {{10.1109/LRA.2020.2969930}},
ISSN = {{2377-3766}},
ResearcherID-Numbers = {{Cortes, Juan/F-7545-2019}},
ORCID-Numbers = {{Cortes, Juan/0000-0002-4660-0306}},
Unique-ID = {{ISI:000526572000012}},
}

@article{ ISI:000526521500006,
Author = {Vrba, Matous and Saska, Martin},
Title = {{Marker-Less Micro Aerial Vehicle Detection and Localization Using
   Convolutional Neural Networks}},
Journal = {{IEEE ROBOTICS AND AUTOMATION LETTERS}},
Year = {{2020}},
Volume = {{5}},
Number = {{2}},
Pages = {{2459-2466}},
Month = {{APR}},
DOI = {{10.1109/LRA.2020.2972819}},
ISSN = {{2377-3766}},
ORCID-Numbers = {{Vrba, Matous/0000-0002-4823-8291}},
Unique-ID = {{ISI:000526521500006}},
}

@article{ ISI:000526702500008,
Author = {Saikin, Diego A. and Baca, Tomas and Gurtner, Martin and Saska, Martin},
Title = {{Wildfire Fighting by Unmanned Aerial System Exploiting Its Time-Varying
   Mass}},
Journal = {{IEEE ROBOTICS AND AUTOMATION LETTERS}},
Year = {{2020}},
Volume = {{5}},
Number = {{2}},
Pages = {{2674-2681}},
Month = {{APR}},
DOI = {{10.1109/LRA.2020.2972827}},
ISSN = {{2377-3766}},
ResearcherID-Numbers = {{Baca, Tomas/W-2903-2018
   }},
ORCID-Numbers = {{Baca, Tomas/0000-0001-9649-8277
   Saikin, Diego/0000-0001-5473-3013
   Gurtner, Martin/0000-0003-4506-4596}},
Unique-ID = {{ISI:000526702500008}},
}

@article{ ISI:000520954200018,
Author = {Jackson, Brian E. and Howell, Taylor A. and Shah, Kunal and Schwager,
   Mac and Manchester, Zachary},
Title = {{Scalable Cooperative Transport of Cable-Suspended Loads With UAVs Using
   Distributed Trajectory Optimization}},
Journal = {{IEEE ROBOTICS AND AUTOMATION LETTERS}},
Year = {{2020}},
Volume = {{5}},
Number = {{2}},
Pages = {{3368-3374}},
Month = {{APR}},
DOI = {{10.1109/LRA.2020.2975956}},
ISSN = {{2377-3766}},
ORCID-Numbers = {{shah, kunal/0000-0003-1550-4546
   Schwager, Mac/0000-0002-7871-3663}},
Unique-ID = {{ISI:000520954200018}},
}

@article{ ISI:000521770500001,
Author = {Saska, Martin and Hert, Daniel and Baca, Tomas and Kratky, Vit and
   Nascimento, Tiago},
Title = {{Formation control of unmanned micro aerial vehicles for straitened
   environments}},
Journal = {{AUTONOMOUS ROBOTS}},
Year = {{2020}},
Volume = {{44}},
Number = {{6}},
Pages = {{991-1008}},
Month = {{JUL}},
DOI = {{10.1007/s10514-020-09913-0}},
Early Access Date = {{MAR 2020}},
ISSN = {{0929-5593}},
EISSN = {{1573-7527}},
ResearcherID-Numbers = {{Nascimento, Tiago Pereira do/G-4409-2015
   Baca, Tomas/W-2903-2018
   }},
ORCID-Numbers = {{Nascimento, Tiago Pereira do/0000-0002-9319-2114
   Baca, Tomas/0000-0001-9649-8277
   Kratky, Vit/0000-0002-1914-742X}},
Unique-ID = {{ISI:000521770500001}},
}

@article{ ISI:000526677900001,
Author = {Coppola, Mario and McGuire, Kimberly N. and De Wagter, Christophe and de
   Croon, Guido C. H. E.},
Title = {{A Survey on Swarming With Micro Air Vehicles: Fundamental Challenges and
   Constraints}},
Journal = {{FRONTIERS IN ROBOTICS AND AI}},
Year = {{2020}},
Volume = {{7}},
Month = {{FEB 25}},
DOI = {{10.3389/frobt.2020.00018}},
Article-Number = {{18}},
ISSN = {{2296-9144}},
ORCID-Numbers = {{De Wagter, Christophe/0000-0002-6795-8454
   Coppola, Mario/0000-0003-4694-2960}},
Unique-ID = {{ISI:000526677900001}},
}

@article{ ISI:000577066500023,
Author = {Lopez Garcia, Manuel and Martinez Carranza, Jose},
Title = {{A First CNN-based Approach towards Autonomous Flight for Object Lifting}},
Journal = {{COMPUTACION Y SISTEMAS}},
Year = {{2020}},
Volume = {{24}},
Number = {{3}},
Pages = {{1219-1228}},
DOI = {{10.13053/CyS-24-3-3482}},
ISSN = {{1405-5546}},
EISSN = {{2007-9737}},
ResearcherID-Numbers = {{CARRANZA, JOSE MARTINEZ/Y-1190-2019}},
ORCID-Numbers = {{CARRANZA, JOSE MARTINEZ/0000-0002-8914-1904}},
Unique-ID = {{ISI:000577066500023}},
}

@article{ ISI:000476812300009,
Author = {Vrba, Matous and Hert, Daniel and Saska, Martin},
Title = {{Onboard Marker-Less Detection and Localization of Non-Cooperating Drones
   for Their Safe Interception by an Autonomous Aerial System}},
Journal = {{IEEE ROBOTICS AND AUTOMATION LETTERS}},
Year = {{2019}},
Volume = {{4}},
Number = {{4}},
Pages = {{3402-3409}},
Month = {{OCT}},
DOI = {{10.1109/LRA.2019.2927130}},
ISSN = {{2377-3766}},
ORCID-Numbers = {{Vrba, Matous/0000-0002-4823-8291}},
Unique-ID = {{ISI:000476812300009}},
}

@article{ ISI:000484454000012,
Author = {Mohiuddin, Abdullah and Taha, Tarek and Zweiri, Yahya and Gan, Dongming},
Title = {{UAV Payload Transportation via RTDP Based Optimized Velocity Profiles}},
Journal = {{ENERGIES}},
Year = {{2019}},
Volume = {{12}},
Number = {{16}},
Month = {{AUG 2}},
DOI = {{10.3390/en12163049}},
Article-Number = {{3049}},
EISSN = {{1996-1073}},
ORCID-Numbers = {{Mohiuddin, Abdullah/0000-0003-1370-4210
   Gan, Dongming/0000-0001-5327-1902
   Zweiri, Yahya/0000-0003-4331-7254}},
Unique-ID = {{ISI:000484454000012}},
}

@article{ ISI:000475466200002,
Author = {Tomas, Baca and Stepan, Petr and Vojtech, Spurny and Hert, Daniel and
   Penicka, Robert and Saska, Martin and Thomas, Justin and Loianno,
   Giuseppe and Kumar, Vijay},
Title = {{Autonomous landing on a moving vehicle with an unmanned aerial vehicle}},
Journal = {{JOURNAL OF FIELD ROBOTICS}},
Year = {{2019}},
Volume = {{36}},
Number = {{5}},
Pages = {{874-891}},
Month = {{AUG}},
DOI = {{10.1002/rob.21858}},
ISSN = {{1556-4959}},
EISSN = {{1556-4967}},
ResearcherID-Numbers = {{Spurny, Vojtech/ABF-5666-2020
   Penicka, Robert/AAC-4673-2019
   Baca, Tomas/W-2903-2018
   Penicka, Robert/AAI-8113-2020
   Kumar, Vijay/AAM-8545-2020
   Loianno, Giuseppe/E-7473-2017
   }},
ORCID-Numbers = {{Spurny, Vojtech/0000-0002-9019-1634
   Baca, Tomas/0000-0001-9649-8277
   Penicka, Robert/0000-0001-8549-4932
   Loianno, Giuseppe/0000-0002-3263-5401
   Thomas, Justin/0000-0002-4253-417X}},
Unique-ID = {{ISI:000475466200002}},
}

@article{ ISI:000458569300095,
Author = {Giernacki, Wojciech and Horla, Dariusz and Baca, Tomas and Saska, Martin},
Title = {{Real-Time Model-Free Minimum-Seeking Autotuning Method for Unmanned
   Aerial Vehicle Controllers Based on Fibonacci-Search Algorithm}},
Journal = {{SENSORS}},
Year = {{2019}},
Volume = {{19}},
Number = {{2}},
Month = {{JAN 2}},
DOI = {{10.3390/s19020312}},
Article-Number = {{312}},
EISSN = {{1424-8220}},
ResearcherID-Numbers = {{Baca, Tomas/W-2903-2018
   Saska, Martin/L-3669-2013
   Giernacki, Wojciech/M-2225-2014
   Horla, Dariusz/M-1257-2014}},
ORCID-Numbers = {{Baca, Tomas/0000-0001-9649-8277
   Giernacki, Wojciech/0000-0003-1747-4010
   Horla, Dariusz/0000-0002-9456-6704}},
Unique-ID = {{ISI:000458569300095}},
}

@inproceedings{ ISI:000569550300220,
Author = {Guo, Fan and Wei, Mingzhu and Ye, Mingfei and Li, Jiajun and Mechali,
   Omar and Cao, Yong},
Book-Group-Author = {{IEEE}},
Title = {{An Unmanned Aerial Vehicles Collaborative Searching and Tracking Scheme
   in Three-Dimension Space}},
Booktitle = {{2019 9TH IEEE ANNUAL INTERNATIONAL CONFERENCE ON CYBER TECHNOLOGY IN
   AUTOMATION, CONTROL, AND INTELLIGENT SYSTEMS (IEEE-CYBER 2019)}},
Series = {{IEEE Annual International Conference on Cyber Technology in Automation
   Control and Intelligent Systems}},
Year = {{2019}},
Pages = {{1262-1266}},
Note = {{9th IEEE Annual International Conference on Cyber Technology in
   Automation, Control, and Intelligent Systems (IEEE-CYBER), Suzhou,
   PEOPLES R CHINA, JUL 29-AUG 02, 2019}},
Organization = {{IEEE; RA}},
ISSN = {{2379-7711}},
ISBN = {{978-1-7281-0770-7}},
Unique-ID = {{ISI:000569550300220}},
}

@inproceedings{ ISI:000554861000014,
Author = {Jeske, Petr and Kloucek, Stepan and Saska, Martin},
Editor = {{Mazal, J}},
Title = {{Autonomous Compact Monitoring of Large Areas Using Micro Aerial Vehicles
   with Limited Sensory Information and Computational Resources}},
Booktitle = {{MODELLING AND SIMULATION FOR AUTONOMOUS SYSTEMS (MESAS 2018)}},
Series = {{Lecture Notes in Computer Science}},
Year = {{2019}},
Volume = {{11472}},
Pages = {{158-171}},
Note = {{5th International Workshop on Modelling and Simulation for Autonomous
   Systems (MESAS), Prague, CZECH REPUBLIC, OCT 17-19, 2018}},
Organization = {{NATO Modelling \& Simulat Ctr Excellence}},
DOI = {{10.1007/978-3-030-14984-0\_14}},
ISSN = {{0302-9743}},
EISSN = {{1611-3349}},
ISBN = {{978-3-030-14984-0; 978-3-030-14983-3}},
Unique-ID = {{ISI:000554861000014}},
}

@inproceedings{ ISI:000556596600124,
Author = {Spurny, Vojtech and Petrlik, Matej and Vonasek, Vojtech and Saska,
   Martin},
Book-Group-Author = {{IEEE}},
Title = {{Cooperative Transport of Large Objects by a Pair of Unmanned Aerial
   Systems using Sampling-based Motion Planning}},
Booktitle = {{2019 24TH IEEE INTERNATIONAL CONFERENCE ON EMERGING TECHNOLOGIES AND
   FACTORY AUTOMATION (ETFA)}},
Series = {{IEEE International Conference on Emerging Technologies and Factory
   Automation-ETFA}},
Year = {{2019}},
Pages = {{955-962}},
Note = {{24th IEEE International Conference on Emerging Technologies and Factory
   Automation (ETFA), Zaragoza, SPAIN, SEP 10-13, 2019}},
Organization = {{Inst Elect \& Elect Engineers; IEEE Ind Elect Soc; Aragon Inst Engn Res;
   Univ Zaragoza}},
ISSN = {{1946-0740}},
ISBN = {{978-1-7281-0303-7}},
ResearcherID-Numbers = {{Spurny, Vojtech/ABF-5666-2020
   }},
ORCID-Numbers = {{Spurny, Vojtech/0000-0002-9019-1634
   Vonasek, Vojtech/0000-0001-9224-2151}},
Unique-ID = {{ISI:000556596600124}},
}

@inproceedings{ ISI:000494942302035,
Author = {Faigl, Jan and Vana, Petr and Penicka, Robert},
Editor = {{Howard, A and Althoefer, K and Arai, F and Arrichiello, F and Caputo, B and Castellanos, J and Hauser, K and Isler, V and Kim, J and Liu, H and Oh, P and Santos, V and Scaramuzza, D and Ude, A and Voyles, R and Yamane, K and Okamura, A}},
Book-Group-Author = {{IEEE}},
Title = {{Multi-Vehicle Close Enough Orienteering Problem with Bezier Curves for
   Multi-Rotor Aerial Vehicles}},
Booktitle = {{2019 INTERNATIONAL CONFERENCE ON ROBOTICS AND AUTOMATION (ICRA)}},
Series = {{IEEE International Conference on Robotics and Automation ICRA}},
Year = {{2019}},
Pages = {{3039-3044}},
Note = {{International Conference on Robotics and Automation (ICRA), Montreal,
   CANADA, MAY 20-24, 2019}},
Organization = {{Bosch; DJI; Kinova; Mercedes Benz; Samsung; Argo AI; Clearpath Robot;
   Element AI; Fetch Robot; Huawei; iRobot; KUKA; Quanser; SICK; Toyota Res
   Inst; Uber; Waymo; Zhejiang Lab; Amazon; Applanix; Cloudminds; Honda Res
   Inst; MathWorks; Ouster}},
ISSN = {{1050-4729}},
EISSN = {{2577-087X}},
ISBN = {{978-1-5386-6026-3}},
ResearcherID-Numbers = {{Penicka, Robert/AAI-8113-2020}},
ORCID-Numbers = {{Penicka, Robert/0000-0001-8549-4932}},
Unique-ID = {{ISI:000494942302035}},
}

@inproceedings{ ISI:000458872706029,
Author = {Baca, Tomas and Hert, Daniel and Loianno, Giuseppe and Saska, Martin and
   Kumar, Vijay},
Editor = {{Maciejewski, AA and Okamura, A and Bicchi, A and Stachniss, C and Song, DZ and Lee, DH and Chaumette, F and Ding, H and Li, JS and Wen, J and Roberts, J and Masamune, K and Chong, NY and Amato, N and Tsagwarakis, N and Rocco, P and Asfour, T and Chung, WK and Yasuyoshi, Y and Sun, Y and Maciekeski, T and Althoefer, K and AndradeCetto, J and Chung, WK and Demircan, E and Dias, J and Fraisse, P and Gross, R and Harada, H and Hasegawa, Y and Hayashibe, M and Kiguchi, K and Kim, K and Kroeger, T and Li, Y and Ma, S and Mochiyama, H and Monje, CA and Rekleitis, I and Roberts, R and Stulp, F and Tsai, CHD and Zollo, L}},
Book-Author = {{Kosecka, J}},
Title = {{Model Predictive Trajectory Tracking and Collision Avoidance for
   Reliable Outdoor Deployment of Unmanned Aerial Vehicles}},
Booktitle = {{2018 IEEE/RSJ INTERNATIONAL CONFERENCE ON INTELLIGENT ROBOTS AND SYSTEMS
   (IROS)}},
Series = {{IEEE International Conference on Intelligent Robots and Systems}},
Year = {{2018}},
Pages = {{6753-6760}},
Note = {{25th IEEE/RSJ International Conference on Intelligent Robots and Systems
   (IROS), Madrid, SPAIN, OCT 01-05, 2018}},
Organization = {{IEEE Robot \& Automat Soc; IEEE Ind Elect Soc; Robot Soc Japan; Soc
   Instrument \& Control Engineers; New Technol Fdn; IEEE; Adept
   MobileRobots; Willow Garage; Aldebaran Robot; Natl Instruments;
   Reflexxes GmbH; Schunk Intec S L U; Univ Carlos III Madrid; BOSCH; JD
   COM; Pal Robot; KUKA; Santander; Squirrel AI Learning; Baidu; Generat
   Robots; KINOVA Robot; Ouster; Univ Pablo Olavide Sevilla; Rapyuta Robot;
   SICK; TOYOTA; UP; Amazon; ARGO; Built Robot; Disney Res; Easy Mile;
   Hitachi; Robot; Khalifa Univ; Magazino; MathWorks; New Dexterity;
   Schunk; nuTonomy; PILZ; Prophesee; Rootnik; Saga Robot; Shadow; Soft
   Bank Robot; Anyverse; GalTech; Generat Robot; IEEE CAA Journal
   Automatica Sinica; Sci Robot, AAAS; TERAS}},
ISSN = {{2153-0858}},
ISBN = {{978-1-5386-8094-0}},
ResearcherID-Numbers = {{Saska, Martin/L-3669-2013
   Baca, Tomas/W-2903-2018
   Kumar, Vijay/AAM-8545-2020}},
ORCID-Numbers = {{Baca, Tomas/0000-0001-9649-8277
   }},
Unique-ID = {{ISI:000458872706029}},
}
