
@article{ ISI:000526572000027,
Author = {Kratky, Vit and Petracek, Pavel and Spurny, Vojtech and Saska, Martin},
Title = {{Autonomous Reflectance Transformation Imaging by a Team of Unmanned
   Aerial Vehicles}},
Journal = {{IEEE ROBOTICS AND AUTOMATION LETTERS}},
Year = {{2020}},
Volume = {{5}},
Number = {{2}},
Pages = {{2302-2309}},
Month = {{APR}},
DOI = {{10.1109/LRA.2020.2970646}},
ISSN = {{2377-3766}},
ResearcherID-Numbers = {{Petracek, Pavel/ABI-4451-2020
   Spurny, Vojtech/ABF-5666-2020
   }},
ORCID-Numbers = {{Petracek, Pavel/0000-0002-0887-9430
   Spurny, Vojtech/0000-0002-9019-1634
   Kratky, Vit/0000-0002-1914-742X}},
Unique-ID = {{ISI:000526572000027}},
}

@article{ ISI:000558705200001,
Author = {Botelho, Wagner Tanaka and Bruno Marietto, Maria Das Gracas and Mendes,
   Eduardo De Lima and De Sousa, Daniel Rodrigues and Pimentel, Edson
   Pinheiro and Da Silva, Vera Lucia and Dos Santos, Tamires},
Title = {{Toward an interdisciplinary integration between multi-agents systems and
   multi-robots systems: a case study}},
Journal = {{KNOWLEDGE ENGINEERING REVIEW}},
Year = {{2020}},
Volume = {{35}},
DOI = {{10.1017/S0269888920000375}},
Article-Number = {{e35}},
ISSN = {{0269-8889}},
EISSN = {{1469-8005}},
ORCID-Numbers = {{Tanaka Botelho, Wagner/0000-0002-0324-687X}},
Unique-ID = {{ISI:000558705200001}},
}

@inproceedings{ ISI:000554861000025,
Author = {Pritzl, Vaclav and Vojtech, Lukas and Neruda, Marek and Saska, Martin},
Editor = {{Mazal, J}},
Title = {{Real-Time Localization of Transmission Sources by a Formation of
   Helicopters Equipped with a Rotating Directional Antenna}},
Booktitle = {{MODELLING AND SIMULATION FOR AUTONOMOUS SYSTEMS (MESAS 2018)}},
Series = {{Lecture Notes in Computer Science}},
Year = {{2019}},
Volume = {{11472}},
Pages = {{335-350}},
Note = {{5th International Workshop on Modelling and Simulation for Autonomous
   Systems (MESAS), Prague, CZECH REPUBLIC, OCT 17-19, 2018}},
Organization = {{NATO Modelling \& Simulat Ctr Excellence}},
DOI = {{10.1007/978-3-030-14984-0\_25}},
ISSN = {{0302-9743}},
EISSN = {{1611-3349}},
ISBN = {{978-3-030-14984-0; 978-3-030-14983-3}},
ORCID-Numbers = {{Neruda, Marek/0000-0003-2783-6505}},
Unique-ID = {{ISI:000554861000025}},
}

@inproceedings{ ISI:000554861000027,
Author = {Zahradka, David and Penicka, Robert and Saska, Martin},
Editor = {{Mazal, J}},
Title = {{Route Planning for Teams of Unmanned Aerial Vehicles Using Dubins
   Vehicle Model with Budget Constraint}},
Booktitle = {{MODELLING AND SIMULATION FOR AUTONOMOUS SYSTEMS (MESAS 2018)}},
Series = {{Lecture Notes in Computer Science}},
Year = {{2019}},
Volume = {{11472}},
Pages = {{365-389}},
Note = {{5th International Workshop on Modelling and Simulation for Autonomous
   Systems (MESAS), Prague, CZECH REPUBLIC, OCT 17-19, 2018}},
Organization = {{NATO Modelling \& Simulat Ctr Excellence}},
DOI = {{10.1007/978-3-030-14984-0\_27}},
ISSN = {{0302-9743}},
EISSN = {{1611-3349}},
ISBN = {{978-3-030-14984-0; 978-3-030-14983-3}},
ResearcherID-Numbers = {{Penicka, Robert/AAI-8113-2020}},
ORCID-Numbers = {{Penicka, Robert/0000-0001-8549-4932}},
Unique-ID = {{ISI:000554861000027}},
}

@inproceedings{ ISI:000427812000089,
Author = {Saska, Martin and Kratky, Vit and Spurny, Vojtech and Baca, Tomas},
Book-Group-Author = {{IEEE}},
Title = {{Documentation of Dark Areas of Large Historical Buildings by a Formation
   of Unmanned Aerial Vehicles using Model Predictive Control}},
Booktitle = {{2017 22ND IEEE INTERNATIONAL CONFERENCE ON EMERGING TECHNOLOGIES AND
   FACTORY AUTOMATION (ETFA)}},
Series = {{IEEE International Conference on Emerging Technologies and Factory
   Automation-ETFA}},
Year = {{2017}},
Note = {{22nd IEEE International Conference on Emerging Technologies and Factory
   Automation (ETFA), Limassol, CYPRUS, SEP 12-15, 2017}},
Organization = {{IEEE; ABB; ies; Univ Cyprus; Dept Elect Comp Engn}},
ISSN = {{1946-0740}},
ISBN = {{978-1-5090-6505-9}},
ResearcherID-Numbers = {{Saska, Martin/L-3669-2013
   Baca, Tomas/W-2903-2018
   Spurny, Vojtech/ABF-5666-2020}},
ORCID-Numbers = {{Baca, Tomas/0000-0001-9649-8277
   Spurny, Vojtech/0000-0002-9019-1634}},
Unique-ID = {{ISI:000427812000089}},
}

@inproceedings{ ISI:000426455100049,
Author = {Brandtner, Daniel and Saska, Martin},
Book-Group-Author = {{IEEE}},
Title = {{Coherent swarming of unmanned micro aerial vehicles with minimum
   computational and communication requirements}},
Booktitle = {{2017 EUROPEAN CONFERENCE ON MOBILE ROBOTS (ECMR)}},
Year = {{2017}},
Note = {{European Conference on Mobile Robots (ECMR), Paris, FRANCE, SEP 06-08,
   2017}},
ISBN = {{978-1-5386-1096-1}},
ResearcherID-Numbers = {{Saska, Martin/L-3669-2013}},
Unique-ID = {{ISI:000426455100049}},
}

@inproceedings{ ISI:000405520900202,
Author = {Saska, Martin and Baca, Tomas and Hert, Daniel},
Book-Group-Author = {{IEEE}},
Title = {{Formations of Unmanned Micro Aerial Vehicles Led by Migrating Virtual
   Leader}},
Booktitle = {{2016 14TH INTERNATIONAL CONFERENCE ON CONTROL, AUTOMATION, ROBOTICS AND
   VISION (ICARCV)}},
Series = {{International Conference on Control Automation Robotics and Vision}},
Year = {{2016}},
Note = {{14th International Conference on Control, Automation, Robotics and
   Vision (ICARCV), Phukhet, THAILAND, NOV 13-15, 2016}},
ISSN = {{2474-2953}},
ISBN = {{978-1-5090-3549-6}},
ResearcherID-Numbers = {{Saska, Martin/L-3669-2013
   Baca, Tomas/W-2903-2018}},
ORCID-Numbers = {{Baca, Tomas/0000-0001-9649-8277}},
Unique-ID = {{ISI:000405520900202}},
}
