
@article{ ISI:000528039600040,
Author = {Urban, M. and Doubravova, D. and Nentvich, O.},
Title = {{Thermal vacuum testing of Timepix3 detector}},
Journal = {{JOURNAL OF INSTRUMENTATION}},
Year = {{2020}},
Volume = {{15}},
Number = {{3}},
Month = {{MAR}},
Note = {{21st International Workshop on Radiation Imaging Detectors, Crete,
   GREECE, JUL 07-12, 2019}},
DOI = {{10.1088/1748-0221/15/03/C03040}},
Article-Number = {{C03040}},
ISSN = {{1748-0221}},
Unique-ID = {{ISI:000528039600040}},
}

@article{ ISI:000491150100001,
Author = {Sieger, Ladislav and Nentvich, Ondrej and Urban, Martin},
Title = {{Satellite temperature measurement in LEO and improvement method of
   temperature sensors calibration based on the measured data}},
Journal = {{ASTRONOMISCHE NACHRICHTEN}},
Year = {{2019}},
Volume = {{340}},
Number = {{7, SI}},
Pages = {{652-657}},
Month = {{AUG}},
DOI = {{10.1002/asna.201913671}},
Early Access Date = {{OCT 2019}},
ISSN = {{0004-6337}},
EISSN = {{1521-3994}},
ResearcherID-Numbers = {{Sieger, Ladislav/AAM-2593-2020
   Nentvich, Ondrej/AAL-7378-2020
   }},
ORCID-Numbers = {{Nentvich, Ondrej/0000-0003-1054-1700
   Sieger, Ladislav/0000-0002-6097-7062}},
Unique-ID = {{ISI:000491150100001}},
}

@article{ ISI:000493339600019,
Author = {Filgas, Robert and Malich, Milan and Kuwahara, Toshinori and Broulim,
   Jan and Holik, Michael and Sakal, Morokot and Murata, Yu and Tomio,
   Hannah and Gohl, Stefan and Pineda, Johan M. T.},
Title = {{RISEPix-A Timepix-based radiation monitor telescope onboard the RISESAT
   satellite}},
Journal = {{ASTRONOMISCHE NACHRICHTEN}},
Year = {{2019}},
Volume = {{340}},
Number = {{7, SI}},
Pages = {{674-680}},
Month = {{AUG}},
Note = {{16th INTEGRAL/BART Workshop on High-Energy Astrophysics, Small
   Satellites, and Related Ground Experiments (IBWS), Karlovy Vary, CZECH
   REPUBLIC, MAY 20-24, 2019}},
Organization = {{Acad Sci Czech Republ, Astron Inst, Stellar Dept, High Energy Astrophys
   Grp}},
DOI = {{10.1002/asna.201913674}},
ISSN = {{0004-6337}},
EISSN = {{1521-3994}},
ResearcherID-Numbers = {{Gohl, Stefan/AAB-3229-2020}},
ORCID-Numbers = {{Gohl, Stefan/0000-0001-7532-7831}},
Unique-ID = {{ISI:000493339600019}},
}

@inproceedings{ ISI:000544658400123,
Author = {Baca, Tomas and Jilek, Martin and Manek, Petr and Stibinger, Petr and
   Linhart, Vladimir and Jakubek, Jan and Saska, Martin},
Book-Group-Author = {{IEEE}},
Title = {{Timepix Radiation Detector for Autonomous Radiation Localization and
   Mapping by Micro Unmanned Vehicles}},
Booktitle = {{2019 IEEE/RSJ INTERNATIONAL CONFERENCE ON INTELLIGENT ROBOTS AND SYSTEMS
   (IROS)}},
Series = {{IEEE International Conference on Intelligent Robots and Systems}},
Year = {{2019}},
Pages = {{1129-1136}},
Note = {{IEEE/RSJ International Conference on Intelligent Robots and Systems
   (IROS), Macau, PEOPLES R CHINA, NOV 04-08, 2019}},
Organization = {{IEEE; RSJ}},
ISSN = {{2153-0858}},
ISBN = {{978-1-7281-4004-9}},
Unique-ID = {{ISI:000544658400123}},
}

@inproceedings{ ISI:000535354700003,
Author = {Daniel, V. and Hudec, R. and Baca, T. and Pina, L. and Inneman, A. and
   Marsikova, V. and Urban, M. and Nentvich, O. and Stehlikova, V. and
   Tutt, J.},
Editor = {{Hudec, R and Pina, L}},
Title = {{REX LE X-ray telescope experiment overview}},
Booktitle = {{EUV AND X-RAY OPTICS: SYNERGY BETWEEN LABORATORY AND SPACE VI}},
Series = {{Proceedings of SPIE}},
Year = {{2019}},
Volume = {{11032}},
Note = {{Conference on EUV and X-Ray Optics - Synergy between Laboratory and
   Space VI, Prague, CZECH REPUBLIC, APR 03-04, 2019}},
DOI = {{10.1117/12.2527288}},
Article-Number = {{1103206}},
ISSN = {{0277-786X}},
EISSN = {{1996-756X}},
ISBN = {{978-1-5106-2731-4}},
Unique-ID = {{ISI:000535354700003}},
}

@inproceedings{ ISI:000535354700002,
Author = {Hudec, R.},
Editor = {{Hudec, R and Pina, L}},
Title = {{X/EUV and UV optics for miniature cube satellites payloads}},
Booktitle = {{EUV AND X-RAY OPTICS: SYNERGY BETWEEN LABORATORY AND SPACE VI}},
Series = {{Proceedings of SPIE}},
Year = {{2019}},
Volume = {{11032}},
Note = {{Conference on EUV and X-Ray Optics - Synergy between Laboratory and
   Space VI, Prague, CZECH REPUBLIC, APR 03-04, 2019}},
DOI = {{10.1117/12.2525542}},
Article-Number = {{1103204}},
ISSN = {{0277-786X}},
EISSN = {{1996-756X}},
ISBN = {{978-1-5106-2731-4}},
Unique-ID = {{ISI:000535354700002}},
}

@inproceedings{ ISI:000535354700001,
Author = {Pina, L. and Hudec, R. and Inneman, A. and Marsikova, V. and Baca, T.
   and Stehlikova, V. and Daniel, V. and Tutt, J.},
Editor = {{Hudec, R and Pina, L}},
Title = {{Multifoil optics for rocket experiments}},
Booktitle = {{EUV AND X-RAY OPTICS: SYNERGY BETWEEN LABORATORY AND SPACE VI}},
Series = {{Proceedings of SPIE}},
Year = {{2019}},
Volume = {{11032}},
Note = {{Conference on EUV and X-Ray Optics - Synergy between Laboratory and
   Space VI, Prague, CZECH REPUBLIC, APR 03-04, 2019}},
DOI = {{10.1117/12.2525541}},
Article-Number = {{1103203}},
ISSN = {{0277-786X}},
EISSN = {{1996-756X}},
ISBN = {{978-1-5106-2731-4}},
Unique-ID = {{ISI:000535354700001}},
}

@inproceedings{ ISI:000535353700016,
Author = {Pina, L. and Hudec, R. and Marsikova, V. and Inneman, A. and Oberta, P.
   and Havlikova, R.},
Editor = {{Khounsary, AM and Goto, S and Morawe, C}},
Title = {{X-ray Multi-Foil Optical system for CubeSat demonstrator}},
Booktitle = {{ADVANCES IN X-RAY/EUV OPTICS AND COMPONENTS XIV}},
Series = {{Proceedings of SPIE}},
Year = {{2019}},
Volume = {{11108}},
Note = {{Conference on Advances in X-Ray/EUV Optics and Components XIV, San
   Diego, CA, AUG 14-15, 2019}},
Organization = {{SPIE}},
DOI = {{10.1117/12.2543412}},
Article-Number = {{111080Y}},
ISSN = {{0277-786X}},
EISSN = {{1996-756X}},
ISBN = {{978-1-5106-2910-3}},
ORCID-Numbers = {{Oberta, Peter/0000-0002-9825-4871}},
Unique-ID = {{ISI:000535353700016}},
}
