
@article{ ISI:000506678200158,
Author = {Wubben, Jamie and Fabra, Francisco and Calafate, Carlos T. and
   Krzeszowski, Tomasz and Marquez-Barja, Johann M. and Cano, Juan-Carlos
   and Manzoni, Pietro},
Title = {{Accurate Landing of Unmanned Aerial Vehicles Using Ground Pattern
   Recognition}},
Journal = {{ELECTRONICS}},
Year = {{2019}},
Volume = {{8}},
Number = {{12}},
Month = {{DEC}},
DOI = {{10.3390/electronics8121532}},
Article-Number = {{1532}},
EISSN = {{2079-9292}},
ResearcherID-Numbers = {{Cano, Juan Carlos/K-2245-2014
   Marquez-Barja, Johann M./O-8992-2016
   }},
ORCID-Numbers = {{Krzeszowski, Tomasz/0000-0001-7359-4637
   Cano, Juan Carlos/0000-0002-0038-0539
   Marquez-Barja, Johann M./0000-0001-5660-3597
   Fabra, Francisco/0000-0002-0553-5026}},
Unique-ID = {{ISI:000506678200158}},
}

@article{ ISI:000476812300009,
Author = {Vrba, Matous and Hert, Daniel and Saska, Martin},
Title = {{Onboard Marker-Less Detection and Localization of Non-Cooperating Drones
   for Their Safe Interception by an Autonomous Aerial System}},
Journal = {{IEEE ROBOTICS AND AUTOMATION LETTERS}},
Year = {{2019}},
Volume = {{4}},
Number = {{4}},
Pages = {{3402-3409}},
Month = {{OCT}},
DOI = {{10.1109/LRA.2019.2927130}},
ISSN = {{2377-3766}},
Unique-ID = {{ISI:000476812300009}},
}

@article{ ISI:000478758000020,
Author = {Goslinski, Jaroslaw and Giernacki, Wojciech and Krolikowski, Andrzej},
Title = {{A Nonlinear Filter for Efficient Attitude Estimation of Unmanned Aerial
   Vehicle (UAV)}},
Journal = {{JOURNAL OF INTELLIGENT \& ROBOTIC SYSTEMS}},
Year = {{2019}},
Volume = {{95}},
Number = {{3-4}},
Pages = {{1079-1095}},
Month = {{SEP}},
DOI = {{10.1007/s10846-018-0949-7}},
ISSN = {{0921-0296}},
EISSN = {{1573-0409}},
ResearcherID-Numbers = {{Goslinski, Jaroslaw/N-1617-2014
   Giernacki, Wojciech/M-2225-2014}},
ORCID-Numbers = {{Goslinski, Jaroslaw/0000-0002-1917-038X
   Giernacki, Wojciech/0000-0003-1747-4010}},
Unique-ID = {{ISI:000478758000020}},
}

@article{ ISI:000501390700008,
Author = {Nascimento, Tiago P. and Saska, Martin},
Title = {{Position and attitude control of multi-rotor aerial vehicles: A survey}},
Journal = {{ANNUAL REVIEWS IN CONTROL}},
Year = {{2019}},
Volume = {{48}},
Pages = {{129-146}},
DOI = {{10.1016/j.arcontrol.2019.08.004}},
ISSN = {{1367-5788}},
ResearcherID-Numbers = {{Nascimento, Tiago/G-4409-2015}},
ORCID-Numbers = {{Nascimento, Tiago/0000-0002-9319-2114}},
Unique-ID = {{ISI:000501390700008}},
}
