
@article{ ISI:000524331300005,
Author = {Stibinger, Petr and Baca, Tomas and Saska, Martin},
Title = {{Localization of Ionizing Radiation Sources by Cooperating Micro Aerial
   Vehicles With Pixel Detectors in Real-Time}},
Journal = {{IEEE ROBOTICS AND AUTOMATION LETTERS}},
Year = {{2020}},
Volume = {{5}},
Number = {{2}},
Pages = {{3634-3641}},
Month = {{APR}},
DOI = {{10.1109/LRA.2020.2978456}},
ISSN = {{2377-3766}},
ResearcherID-Numbers = {{Baca, Tomas/W-2903-2018
   }},
ORCID-Numbers = {{Baca, Tomas/0000-0001-9649-8277
   Stibinger, Petr/0000-0002-7662-9230}},
Unique-ID = {{ISI:000524331300005}},
}

@inproceedings{ ISI:000544658400123,
Author = {Baca, Tomas and Jilek, Martin and Manek, Petr and Stibinger, Petr and
   Linhart, Vladimir and Jakubek, Jan and Saska, Martin},
Book-Group-Author = {{IEEE}},
Title = {{Timepix Radiation Detector for Autonomous Radiation Localization and
   Mapping by Micro Unmanned Vehicles}},
Booktitle = {{2019 IEEE/RSJ INTERNATIONAL CONFERENCE ON INTELLIGENT ROBOTS AND SYSTEMS
   (IROS)}},
Series = {{IEEE International Conference on Intelligent Robots and Systems}},
Year = {{2019}},
Pages = {{1129-1136}},
Note = {{IEEE/RSJ International Conference on Intelligent Robots and Systems
   (IROS), Macau, PEOPLES R CHINA, NOV 04-08, 2019}},
Organization = {{IEEE; RSJ}},
ISSN = {{2153-0858}},
ISBN = {{978-1-7281-4004-9}},
ResearcherID-Numbers = {{Baca, Tomas/W-2903-2018}},
ORCID-Numbers = {{Baca, Tomas/0000-0001-9649-8277}},
Unique-ID = {{ISI:000544658400123}},
}

@inproceedings{ ISI:000511172300035,
Author = {Urban, Martin and Nentvich, Ondrej and Doubravova, Daniela and Petr,
   Ondrej and Inneman, Adolf and Hudec, Rene and Sieger, Ladislav},
Editor = {{Siegmund, OH}},
Title = {{Timepix: Influence of temperature and vacuum on equalisation of X-ray
   detector and its verification}},
Booktitle = {{UV, X-RAY, AND GAMMA-RAY SPACE INSTRUMENTATION FOR ASTRONOMY XXI}},
Series = {{Proceedings of SPIE}},
Year = {{2019}},
Volume = {{11118}},
Note = {{Conference on UV, X-Ray, and Gamma-Ray Space Instrumentation for
   Astronomy XXI held at SPIE Optical Engineering + Applications
   Conference, San Diego, CA, AUG 11-13, 2019}},
Organization = {{SPIE}},
DOI = {{10.1117/12.2528503}},
Article-Number = {{UNSP 111181H}},
ISSN = {{0277-786X}},
EISSN = {{1996-756X}},
ISBN = {{978-1-5106-2929-5; 978-1-5106-2930-1}},
ResearcherID-Numbers = {{Nentvich, Ondrej/AAL-7378-2020
   Sieger, Ladislav/AAM-2593-2020
   }},
ORCID-Numbers = {{Nentvich, Ondrej/0000-0003-1054-1700
   Sieger, Ladislav/0000-0002-6097-7062}},
Unique-ID = {{ISI:000511172300035}},
}
