
@article{ ISI:000510753400001,
Author = {Arul, Senthil Hariharan and Manocha, Dinesh},
Title = {{DCAD: Decentralized Collision Avoidance With Dynamics Constraints for
   Agile Quadrotor Swarms}},
Journal = {{IEEE ROBOTICS AND AUTOMATION LETTERS}},
Year = {{2020}},
Volume = {{5}},
Number = {{2}},
Pages = {{1191-1198}},
Month = {{APR}},
DOI = {{10.1109/LRA.2020.2967281}},
ISSN = {{2377-3766}},
ORCID-Numbers = {{Manocha, Dinesh/0000-0001-7047-9801}},
Unique-ID = {{ISI:000510753400001}},
}

@article{ ISI:000475466200002,
Author = {Tomas, Baca and Stepan, Petr and Vojtech, Spurny and Hert, Daniel and
   Penicka, Robert and Saska, Martin and Thomas, Justin and Loianno,
   Giuseppe and Kumar, Vijay},
Title = {{Autonomous landing on a moving vehicle with an unmanned aerial vehicle}},
Journal = {{JOURNAL OF FIELD ROBOTICS}},
Year = {{2019}},
Volume = {{36}},
Number = {{5}},
Pages = {{874-891}},
Month = {{AUG}},
DOI = {{10.1002/rob.21858}},
ISSN = {{1556-4959}},
EISSN = {{1556-4967}},
ResearcherID-Numbers = {{Penicka, Robert/AAC-4673-2019
   Penicka, Robert/AAI-8113-2020
   Loianno, Giuseppe/E-7473-2017
   }},
ORCID-Numbers = {{Penicka, Robert/0000-0001-8549-4932
   Loianno, Giuseppe/0000-0002-3263-5401
   Thomas, Justin/0000-0002-4253-417X}},
Unique-ID = {{ISI:000475466200002}},
}

@article{ ISI:000474587400003,
Author = {Penicka, Robert and Faigl, Jan and Saska, Martin},
Title = {{Physical Orienteering Problem for Unmanned Aerial Vehicle Data
   Collection Planning in Environments With Obstacles}},
Journal = {{IEEE ROBOTICS AND AUTOMATION LETTERS}},
Year = {{2019}},
Volume = {{4}},
Number = {{3}},
Pages = {{3005-3012}},
Month = {{JUL}},
DOI = {{10.1109/LRA.2019.2923949}},
ISSN = {{2377-3766}},
ResearcherID-Numbers = {{Penicka, Robert/AAC-4673-2019
   Faigl, Jan/E-8685-2013}},
ORCID-Numbers = {{Faigl, Jan/0000-0002-6193-0792}},
Unique-ID = {{ISI:000474587400003}},
}

@article{ ISI:000467571900002,
Author = {Walter, Viktor and Staub, Nicolas and Franchi, Antonio and Saska, Martin},
Title = {{UVDAR System for Visual Relative Localization With Application to
   Leader-Follower Formations of Multirotor UAVs}},
Journal = {{IEEE ROBOTICS AND AUTOMATION LETTERS}},
Year = {{2019}},
Volume = {{4}},
Number = {{3}},
Pages = {{2637-2644}},
Month = {{JUL}},
DOI = {{10.1109/LRA.2019.2901683}},
ISSN = {{2377-3766}},
ORCID-Numbers = {{Walter, Viktor/0000-0001-8693-6261
   Staub, Nicolas/0000-0002-3889-2396}},
Unique-ID = {{ISI:000467571900002}},
}

@article{ ISI:000501390700008,
Author = {Nascimento, Tiago P. and Saska, Martin},
Title = {{Position and attitude control of multi-rotor aerial vehicles: A survey}},
Journal = {{ANNUAL REVIEWS IN CONTROL}},
Year = {{2019}},
Volume = {{48}},
Pages = {{129-146}},
DOI = {{10.1016/j.arcontrol.2019.08.004}},
ISSN = {{1367-5788}},
ResearcherID-Numbers = {{Nascimento, Tiago/G-4409-2015}},
ORCID-Numbers = {{Nascimento, Tiago/0000-0002-9319-2114}},
Unique-ID = {{ISI:000501390700008}},
}

@inproceedings{ ISI:000494942302035,
Author = {Faigl, Jan and Vana, Petr and Penicka, Robert},
Editor = {{Howard, A and Althoefer, K and Arai, F and Arrichiello, F and Caputo, B and Castellanos, J and Hauser, K and Isler, V and Kim, J and Liu, H and Oh, P and Santos, V and Scaramuzza, D and Ude, A and Voyles, R and Yamane, K and Okamura, A}},
Book-Group-Author = {{IEEE}},
Title = {{Multi-Vehicle Close Enough Orienteering Problem with Bezier Curves for
   Multi-Rotor Aerial Vehicles}},
Booktitle = {{2019 INTERNATIONAL CONFERENCE ON ROBOTICS AND AUTOMATION (ICRA)}},
Series = {{IEEE International Conference on Robotics and Automation ICRA}},
Year = {{2019}},
Pages = {{3039-3044}},
Note = {{International Conference on Robotics and Automation (ICRA), Montreal,
   CANADA, MAY 20-24, 2019}},
Organization = {{Bosch; DJI; Kinova; Mercedes Benz; Samsung; Argo AI; Clearpath Robot;
   Element AI; Fetch Robot; Huawei; iRobot; KUKA; Quanser; SICK; Toyota Res
   Inst; Uber; Waymo; Zhejiang Lab; Amazon; Applanix; Cloudminds; Honda Res
   Inst; MathWorks; Ouster}},
ISSN = {{1050-4729}},
EISSN = {{2577-087X}},
ISBN = {{978-1-5386-6026-3}},
ResearcherID-Numbers = {{Penicka, Robert/AAI-8113-2020}},
ORCID-Numbers = {{Penicka, Robert/0000-0001-8549-4932}},
Unique-ID = {{ISI:000494942302035}},
}

@article{ ISI:000455132600015,
Author = {Faigl, Jan and Vana, Petr and Penicka, Robert and Saska, Martin},
Title = {{Unsupervised learning-based flexible framework for surveillance planning
   with aerial vehicles}},
Journal = {{JOURNAL OF FIELD ROBOTICS}},
Year = {{2019}},
Volume = {{36}},
Number = {{1, SI}},
Pages = {{270-301}},
Month = {{JAN}},
DOI = {{10.1002/rob.21823}},
ISSN = {{1556-4959}},
EISSN = {{1556-4967}},
ResearcherID-Numbers = {{Penicka, Robert/AAI-8113-2020
   Penicka, Robert/AAC-4673-2019
   Saska, Martin/L-3669-2013
   Vana, Petr/K-5165-2017
   Faigl, Jan/E-8685-2013}},
ORCID-Numbers = {{Penicka, Robert/0000-0001-8549-4932
   Vana, Petr/0000-0003-2155-5788
   Faigl, Jan/0000-0002-6193-0792}},
Unique-ID = {{ISI:000455132600015}},
}
