
@article{ ISI:000521770500001,
Author = {Saska, Martin and Hert, Daniel and Baca, Tomas and Kratky, Vit and
   Nascimento, Tiago},
Title = {{Formation control of unmanned micro aerial vehicles for straitened
   environments}},
Journal = {{AUTONOMOUS ROBOTS}},
DOI = {{10.1007/s10514-020-09913-0}},
Early Access Date = {{MAR 2020}},
ISSN = {{0929-5593}},
EISSN = {{1573-7527}},
Unique-ID = {{ISI:000521770500001}},
}

@article{ ISI:000487951900002,
Author = {Penicka, Robert and Faigl, Jan and Saska, Martin and Vana, Petr},
Title = {{Data collection planning with non-zero sensing distance for a budget and
   curvature constrained unmanned aerial vehicle}},
Journal = {{AUTONOMOUS ROBOTS}},
Year = {{2019}},
Volume = {{43}},
Number = {{8}},
Pages = {{1937-1956}},
Month = {{DEC}},
DOI = {{10.1007/s10514-019-09844-5}},
ISSN = {{0929-5593}},
EISSN = {{1573-7527}},
ResearcherID-Numbers = {{Penicka, Robert/AAC-4673-2019
   Penicka, Robert/AAI-8113-2020
   Faigl, Jan/E-8685-2013}},
ORCID-Numbers = {{Penicka, Robert/0000-0001-8549-4932
   Faigl, Jan/0000-0002-6193-0792}},
Unique-ID = {{ISI:000487951900002}},
}

@article{ ISI:000495059300002,
Author = {Rubi, Bartomeu and Perez, Ramon and Morcego, Bernardo},
Title = {{A Survey of Path Following Control Strategies for UAVs Focused on
   Quadrotors}},
Journal = {{JOURNAL OF INTELLIGENT \& ROBOTIC SYSTEMS}},
Year = {{2020}},
Volume = {{98}},
Number = {{2}},
Pages = {{241-265}},
Month = {{MAY}},
DOI = {{10.1007/s10846-019-01085-z}},
Early Access Date = {{NOV 2019}},
ISSN = {{0921-0296}},
EISSN = {{1573-0409}},
ResearcherID-Numbers = {{Morcego, Bernardo/A-9614-2012}},
ORCID-Numbers = {{Rubi Perello, Bartomeu/0000-0002-8822-2681
   Morcego, Bernardo/0000-0002-6944-7519}},
Unique-ID = {{ISI:000495059300002}},
}

@article{ ISI:000502013800002,
Author = {Ding, Li and Wu, Hongtao},
Title = {{Dynamical Modelling and Robust Control for an Unmanned Aerial Robot
   Using Hexarotor with 2-DOF Manipulator}},
Journal = {{INTERNATIONAL JOURNAL OF AEROSPACE ENGINEERING}},
Year = {{2019}},
Volume = {{2019}},
Month = {{OCT 21}},
DOI = {{10.1155/2019/5483073}},
Article-Number = {{5483073}},
ISSN = {{1687-5966}},
EISSN = {{1687-5974}},
Unique-ID = {{ISI:000502013800002}},
}

@article{ ISI:000475466200002,
Author = {Tomas, Baca and Stepan, Petr and Vojtech, Spurny and Hert, Daniel and
   Penicka, Robert and Saska, Martin and Thomas, Justin and Loianno,
   Giuseppe and Kumar, Vijay},
Title = {{Autonomous landing on a moving vehicle with an unmanned aerial vehicle}},
Journal = {{JOURNAL OF FIELD ROBOTICS}},
Year = {{2019}},
Volume = {{36}},
Number = {{5}},
Pages = {{874-891}},
Month = {{AUG}},
DOI = {{10.1002/rob.21858}},
ISSN = {{1556-4959}},
EISSN = {{1556-4967}},
ResearcherID-Numbers = {{Penicka, Robert/AAC-4673-2019
   Penicka, Robert/AAI-8113-2020
   Loianno, Giuseppe/E-7473-2017
   }},
ORCID-Numbers = {{Penicka, Robert/0000-0001-8549-4932
   Loianno, Giuseppe/0000-0002-3263-5401
   Thomas, Justin/0000-0002-4253-417X}},
Unique-ID = {{ISI:000475466200002}},
}

@article{ ISI:000455132600008,
Author = {Spurny, Vojtech and Baca, Tomai and Saska, Martin and Penicka, Robert
   and Krajnik, Tomas and Thomas, Justin and Thakur, Dinesh and Loianno,
   Giuseppe and Kumar, Vijay},
Title = {{Cooperative autonomous search, grasping, and delivering in a treasure
   hunt scenario by a team of unmanned aerial vehicles}},
Journal = {{JOURNAL OF FIELD ROBOTICS}},
Year = {{2019}},
Volume = {{36}},
Number = {{1, SI}},
Pages = {{125-148}},
Month = {{JAN}},
DOI = {{10.1002/rob.21816}},
ISSN = {{1556-4959}},
EISSN = {{1556-4967}},
ResearcherID-Numbers = {{Penicka, Robert/AAC-4673-2019
   Saska, Martin/L-3669-2013
   Penicka, Robert/AAI-8113-2020
   Loianno, Giuseppe/E-7473-2017
   Krajnik, Tomas/P-9137-2014}},
ORCID-Numbers = {{Penicka, Robert/0000-0001-8549-4932
   Loianno, Giuseppe/0000-0002-3263-5401
   Thomas, Justin/0000-0002-4253-417X
   Krajnik, Tomas/0000-0002-4408-7916}},
Unique-ID = {{ISI:000455132600008}},
}

@article{ ISI:000455132600015,
Author = {Faigl, Jan and Vana, Petr and Penicka, Robert and Saska, Martin},
Title = {{Unsupervised learning-based flexible framework for surveillance planning
   with aerial vehicles}},
Journal = {{JOURNAL OF FIELD ROBOTICS}},
Year = {{2019}},
Volume = {{36}},
Number = {{1, SI}},
Pages = {{270-301}},
Month = {{JAN}},
DOI = {{10.1002/rob.21823}},
ISSN = {{1556-4959}},
EISSN = {{1556-4967}},
ResearcherID-Numbers = {{Penicka, Robert/AAI-8113-2020
   Penicka, Robert/AAC-4673-2019
   Saska, Martin/L-3669-2013
   Vana, Petr/K-5165-2017
   Faigl, Jan/E-8685-2013}},
ORCID-Numbers = {{Penicka, Robert/0000-0001-8549-4932
   Vana, Petr/0000-0003-2155-5788
   Faigl, Jan/0000-0002-6193-0792}},
Unique-ID = {{ISI:000455132600015}},
}

@article{ ISI:000423534000008,
Author = {Faigl, Jan and Vana, Petr},
Title = {{Surveillance Planning With Bezier Curves}},
Journal = {{IEEE ROBOTICS AND AUTOMATION LETTERS}},
Year = {{2018}},
Volume = {{3}},
Number = {{2}},
Pages = {{750-757}},
Month = {{APR}},
DOI = {{10.1109/LRA.2018.2789844}},
ISSN = {{2377-3766}},
ResearcherID-Numbers = {{Faigl, Jan/E-8685-2013
   Vana, Petr/K-5165-2017}},
ORCID-Numbers = {{Faigl, Jan/0000-0002-6193-0792
   Vana, Petr/0000-0003-2155-5788}},
Unique-ID = {{ISI:000423534000008}},
}

@inproceedings{ ISI:000458872706029,
Author = {Baca, Tomas and Hert, Daniel and Loianno, Giuseppe and Saska, Martin and
   Kumar, Vijay},
Editor = {{Maciejewski, AA and Okamura, A and Bicchi, A and Stachniss, C and Song, DZ and Lee, DH and Chaumette, F and Ding, H and Li, JS and Wen, J and Roberts, J and Masamune, K and Chong, NY and Amato, N and Tsagwarakis, N and Rocco, P and Asfour, T and Chung, WK and Yasuyoshi, Y and Sun, Y and Maciekeski, T and Althoefer, K and AndradeCetto, J and Chung, WK and Demircan, E and Dias, J and Fraisse, P and Gross, R and Harada, H and Hasegawa, Y and Hayashibe, M and Kiguchi, K and Kim, K and Kroeger, T and Li, Y and Ma, S and Mochiyama, H and Monje, CA and Rekleitis, I and Roberts, R and Stulp, F and Tsai, CHD and Zollo, L}},
Book-Author = {{Kosecka, J}},
Title = {{Model Predictive Trajectory Tracking and Collision Avoidance for
   Reliable Outdoor Deployment of Unmanned Aerial Vehicles}},
Booktitle = {{2018 IEEE/RSJ INTERNATIONAL CONFERENCE ON INTELLIGENT ROBOTS AND SYSTEMS
   (IROS)}},
Series = {{IEEE International Conference on Intelligent Robots and Systems}},
Year = {{2018}},
Pages = {{6753-6760}},
Note = {{25th IEEE/RSJ International Conference on Intelligent Robots and Systems
   (IROS), Madrid, SPAIN, OCT 01-05, 2018}},
Organization = {{IEEE Robot \& Automat Soc; IEEE Ind Elect Soc; Robot Soc Japan; Soc
   Instrument \& Control Engineers; New Technol Fdn; IEEE; Adept
   MobileRobots; Willow Garage; Aldebaran Robot; Natl Instruments;
   Reflexxes GmbH; Schunk Intec S L U; Univ Carlos III Madrid; BOSCH; JD
   COM; Pal Robot; KUKA; Santander; Squirrel AI Learning; Baidu; Generat
   Robots; KINOVA Robot; Ouster; Univ Pablo Olavide Sevilla; Rapyuta Robot;
   SICK; TOYOTA; UP; Amazon; ARGO; Built Robot; Disney Res; Easy Mile;
   Hitachi; Robot; Khalifa Univ; Magazino; MathWorks; New Dexterity;
   Schunk; nuTonomy; PILZ; Prophesee; Rootnik; Saga Robot; Shadow; Soft
   Bank Robot; Anyverse; GalTech; Generat Robot; IEEE CAA Journal
   Automatica Sinica; Sci Robot, AAAS; TERAS}},
ISSN = {{2153-0858}},
ISBN = {{978-1-5386-8094-0}},
ResearcherID-Numbers = {{Baca, Tomas/W-2903-2018
   Saska, Martin/L-3669-2013}},
ORCID-Numbers = {{Baca, Tomas/0000-0001-9649-8277
   }},
Unique-ID = {{ISI:000458872706029}},
}

@article{ ISI:000413736600109,
Author = {Penicka, Robert and Faigl, Jan and Vana, Petr and Saska, Martin},
Title = {{Dubins Orienteering Problem}},
Journal = {{IEEE ROBOTICS AND AUTOMATION LETTERS}},
Year = {{2017}},
Volume = {{2}},
Number = {{2}},
Pages = {{1210-1217}},
Month = {{APR}},
DOI = {{10.1109/LRA.2017.2666261}},
ISSN = {{2377-3766}},
ResearcherID-Numbers = {{Penicka, Robert/AAI-8113-2020
   Saska, Martin/L-3669-2013
   Penicka, Robert/AAC-4673-2019
   Vana, Petr/K-5165-2017}},
ORCID-Numbers = {{Penicka, Robert/0000-0001-8549-4932
   Vana, Petr/0000-0003-2155-5788}},
Unique-ID = {{ISI:000413736600109}},
}

@inproceedings{ ISI:000426455100047,
Author = {Baca, Tomas and Stepan, Petr and Saska, Martin},
Book-Group-Author = {{IEEE}},
Title = {{Autonomous Landing On A Moving Car With Unmanned Aerial Vehicle}},
Booktitle = {{2017 EUROPEAN CONFERENCE ON MOBILE ROBOTS (ECMR)}},
Year = {{2017}},
Note = {{European Conference on Mobile Robots (ECMR), Paris, FRANCE, SEP 06-08,
   2017}},
ISBN = {{978-1-5386-1096-1}},
ResearcherID-Numbers = {{Stepan, Petr/P-4225-2019
   Baca, Tomas/W-2903-2018
   Stepan, Petr/X-2931-2018
   Saska, Martin/L-3669-2013}},
ORCID-Numbers = {{Stepan, Petr/0000-0002-7444-3264
   Baca, Tomas/0000-0001-9649-8277
   Stepan, Petr/0000-0002-7444-3264
   }},
Unique-ID = {{ISI:000426455100047}},
}

@inproceedings{ ISI:000427812000089,
Author = {Saska, Martin and Kratky, Vit and Spurny, Vojtech and Baca, Tomas},
Book-Group-Author = {{IEEE}},
Title = {{Documentation of Dark Areas of Large Historical Buildings by a Formation
   of Unmanned Aerial Vehicles using Model Predictive Control}},
Booktitle = {{2017 22ND IEEE INTERNATIONAL CONFERENCE ON EMERGING TECHNOLOGIES AND
   FACTORY AUTOMATION (ETFA)}},
Series = {{IEEE International Conference on Emerging Technologies and Factory
   Automation-ETFA}},
Year = {{2017}},
Note = {{22nd IEEE International Conference on Emerging Technologies and Factory
   Automation (ETFA), Limassol, CYPRUS, SEP 12-15, 2017}},
Organization = {{IEEE; ABB; ies; Univ Cyprus; Dept Elect Comp Engn}},
ISSN = {{1946-0740}},
ISBN = {{978-1-5090-6505-9}},
ResearcherID-Numbers = {{Baca, Tomas/W-2903-2018
   Saska, Martin/L-3669-2013}},
ORCID-Numbers = {{Baca, Tomas/0000-0001-9649-8277
   }},
Unique-ID = {{ISI:000427812000089}},
}

@inproceedings{ ISI:000426968704078,
Author = {Faigl, Jan and Vana, Petr},
Book-Group-Author = {{IEEE}},
Title = {{Unsupervised Learning for Surveillance Planning with Team of Aerial
   Vehicles}},
Booktitle = {{2017 INTERNATIONAL JOINT CONFERENCE ON NEURAL NETWORKS (IJCNN)}},
Series = {{IEEE International Joint Conference on Neural Networks (IJCNN)}},
Year = {{2017}},
Pages = {{4340-4347}},
Note = {{International Joint Conference on Neural Networks (IJCNN), Anchorage,
   AK, MAY 14-19, 2017}},
Organization = {{Int Neurol Network Soc; IEEE Computat Intelligence Soc; Intel; BMI;
   Budapest Semester Cognit Sci}},
ISSN = {{2161-4393}},
ISBN = {{978-1-5090-6182-2}},
ResearcherID-Numbers = {{Faigl, Jan/E-8685-2013
   Vana, Petr/K-5165-2017}},
ORCID-Numbers = {{Faigl, Jan/0000-0002-6193-0792
   Vana, Petr/0000-0003-2155-5788}},
Unique-ID = {{ISI:000426968704078}},
}

@inproceedings{ ISI:000426455100049,
Author = {Brandtner, Daniel and Saska, Martin},
Book-Group-Author = {{IEEE}},
Title = {{Coherent swarming of unmanned micro aerial vehicles with minimum
   computational and communication requirements}},
Booktitle = {{2017 EUROPEAN CONFERENCE ON MOBILE ROBOTS (ECMR)}},
Year = {{2017}},
Note = {{European Conference on Mobile Robots (ECMR), Paris, FRANCE, SEP 06-08,
   2017}},
ISBN = {{978-1-5386-1096-1}},
ResearcherID-Numbers = {{Saska, Martin/L-3669-2013}},
Unique-ID = {{ISI:000426455100049}},
}

@inproceedings{ ISI:000426455100051,
Author = {Penicka, Robert and Saska, Martin and Reymann, Christophe and Lacroix,
   Simon},
Book-Group-Author = {{IEEE}},
Title = {{Reactive Dubins Traveling Salesman Problem for Replanning of Information
   Gathering by UAVs}},
Booktitle = {{2017 EUROPEAN CONFERENCE ON MOBILE ROBOTS (ECMR)}},
Year = {{2017}},
Note = {{European Conference on Mobile Robots (ECMR), Paris, FRANCE, SEP 06-08,
   2017}},
ISBN = {{978-1-5386-1096-1}},
ResearcherID-Numbers = {{Saska, Martin/L-3669-2013
   Penicka, Robert/AAC-4673-2019
   Penicka, Robert/AAI-8113-2020}},
ORCID-Numbers = {{Penicka, Robert/0000-0001-8549-4932}},
Unique-ID = {{ISI:000426455100051}},
}

@inproceedings{ ISI:000405520900202,
Author = {Saska, Martin and Baca, Tomas and Hert, Daniel},
Book-Group-Author = {{IEEE}},
Title = {{Formations of Unmanned Micro Aerial Vehicles Led by Migrating Virtual
   Leader}},
Booktitle = {{2016 14TH INTERNATIONAL CONFERENCE ON CONTROL, AUTOMATION, ROBOTICS AND
   VISION (ICARCV)}},
Series = {{International Conference on Control Automation Robotics and Vision}},
Year = {{2016}},
Note = {{14th International Conference on Control, Automation, Robotics and
   Vision (ICARCV), Phukhet, THAILAND, NOV 13-15, 2016}},
ISSN = {{2474-2953}},
ISBN = {{978-1-5090-3549-6}},
ResearcherID-Numbers = {{Saska, Martin/L-3669-2013
   Baca, Tomas/W-2903-2018}},
ORCID-Numbers = {{Baca, Tomas/0000-0001-9649-8277}},
Unique-ID = {{ISI:000405520900202}},
}
