
@inproceedings{ ISI:000444831600008,
Author = {Walter, Viktor and Novak, Tomas and Saska, Martin},
Editor = {{Mazal, J}},
Title = {{Self-localization of Unmanned Aerial Vehicles Based on Optical Flow in
   Onboard Camera Images}},
Booktitle = {{MODELLING AND SIMULATION FOR AUTONOMOUS SYSTEMS}},
Series = {{Lecture Notes in Computer Science}},
Year = {{2018}},
Volume = {{10756}},
Pages = {{106-132}},
Note = {{4th International Conference on Modelling and Simulation for Autonomous
   Systems (MESAS), Rome, ITALY, OCT 24-26, 2017}},
Organization = {{NATO Modelling \& Simulat Ctr Excellence; IEEE; IEEE Robot \& Automat
   Soc; IEEE RAS Italian Chapter; IEEE RAS Multi Robot Syst Tech Comm;
   Movimento Italiano Modellazione Simulazione; Czech Tech Univ Prague;
   Military Tech Inst; LOM Praha; VOP CZ}},
DOI = {{10.1007/978-3-319-76072-8\_8}},
ISSN = {{0302-9743}},
EISSN = {{1611-3349}},
ISBN = {{978-3-319-76072-8; 978-3-319-76071-1}},
ResearcherID-Numbers = {{Saska, Martin/L-3669-2013}},
Unique-ID = {{ISI:000444831600008}},
}

@inproceedings{ ISI:000389939300020,
Author = {Perez-Paina, Gonzalo and Paz, Claudio and Kulich, Miroslav and Saska,
   Martin and Araguas, Gaston},
Editor = {{Hodicky, J}},
Title = {{Fusion of Monocular Visual-Inertial Measurements for Three Dimensional
   Pose Estimatione}},
Booktitle = {{MODELLING AND SIMULATION FOR AUTONOMOUS SYSTEMS, MESAS 2016}},
Series = {{Lecture Notes in Computer Science}},
Year = {{2016}},
Volume = {{9991}},
Pages = {{242-260}},
Note = {{3rd International Workshop on Modelling and Simulation for Autonomous
   Systems (MESAS), Rome, ITALY, JUN 15-16, 2016}},
Organization = {{IEEE Robot \& Automat Soc; IEEE RAS Italian Chapter; IEEE Italy Sect
   Syst Council Chapter; IEEE RAS Multi Robot Syst Tech Comm; IEEE RAS
   Networked Robots Tech Comm; Movimento Italiano Modellazione \&
   Simulazione; Simulat Team; Off Naval Res Sci \& Technol; FABARIS}},
DOI = {{10.1007/978-3-319-47605-6\_20}},
ISSN = {{0302-9743}},
EISSN = {{1611-3349}},
ISBN = {{978-3-319-47605-6; 978-3-319-47604-9}},
ResearcherID-Numbers = {{Kulich, Miroslav/L-3465-2013
   Saska, Martin/L-3669-2013}},
ORCID-Numbers = {{Kulich, Miroslav/0000-0002-0997-5889
   }},
Unique-ID = {{ISI:000389939300020}},
}
