
@article{ ISI:000452326500044,
Author = {Rabah, Mohammed and Rohan, Ali and Talha, Muhammad and Nam, Kang-Hyun
   and Kim, Sung Ho},
Title = {{Autonomous Vision-based Target Detection and Safe Landing for UAV}},
Journal = {{INTERNATIONAL JOURNAL OF CONTROL AUTOMATION AND SYSTEMS}},
Year = {{2018}},
Volume = {{16}},
Number = {{6}},
Pages = {{3013-3025}},
Month = {{DEC}},
DOI = {{10.1007/s12555-018-0017-x}},
ISSN = {{1598-6446}},
EISSN = {{2005-4092}},
ResearcherID-Numbers = {{Rabah, Mohamed/L-5274-2019
   ROHAN, ALI/AAA-4059-2019}},
ORCID-Numbers = {{Rabah, Mohamed/0000-0001-6840-2100
   ROHAN, ALI/0000-0002-6496-0452}},
Unique-ID = {{ISI:000452326500044}},
}

@article{ ISI:000385097200001,
Author = {Jeong, Hyeok-June and Choi, Jeong Dan and Ha, Young-Guk},
Title = {{Vision Based Displacement Detection for Stabilized UAV Control on Cloud
   Server}},
Journal = {{MOBILE INFORMATION SYSTEMS}},
Year = {{2016}},
DOI = {{10.1155/2016/8937176}},
Article-Number = {{8937176}},
ISSN = {{1574-017X}},
EISSN = {{1875-905X}},
Unique-ID = {{ISI:000385097200001}},
}

@inproceedings{ ISI:000388438500109,
Author = {Saska, Martin},
Book-Group-Author = {{IEEE}},
Title = {{MAV-swarms: unmanned aerial vehicles stabilized along a given path using
   onboard relative localization}},
Booktitle = {{2015 INTERNATIONAL CONFERENCE ON UNMANNED AIRCRAFT SYSTEMS (ICUAS'15)}},
Series = {{International Conference on Unmanned Aircraft Systems}},
Year = {{2015}},
Pages = {{894-903}},
Note = {{International Conference on Unmanned Aircraft Systems (ICUAS), Denver,
   CO, JUN 09-12, 2015}},
Organization = {{IEEE; CSS; IEEE Robot \& Automat Soc; MCA}},
ISSN = {{2373-6720}},
ISBN = {{978-1-4799-6010-1}},
ResearcherID-Numbers = {{Saska, Martin/L-3669-2013}},
Unique-ID = {{ISI:000388438500109}},
}
