
@article{ ISI:000528039600040,
Author = {Urban, M. and Doubravova, D. and Nentvich, O.},
Title = {{Thermal vacuum testing of Timepix3 detector}},
Journal = {{JOURNAL OF INSTRUMENTATION}},
Year = {{2020}},
Volume = {{15}},
Number = {{3}},
Month = {{MAR}},
Note = {{21st International Workshop on Radiation Imaging Detectors, Crete,
   GREECE, JUL 07-12, 2019}},
DOI = {{10.1088/1748-0221/15/03/C03040}},
Article-Number = {{C03040}},
ISSN = {{1748-0221}},
Unique-ID = {{ISI:000528039600040}},
}

@article{ ISI:000524029200007,
Author = {Kear, Andrew and Folkes, Sasha L.},
Title = {{A Solution to the Hyper Complex, Cross Domain Reality of Artificial
   Intelligence: The Hierarchy of AI}},
Journal = {{INTERNATIONAL JOURNAL OF ADVANCED COMPUTER SCIENCE AND APPLICATIONS}},
Year = {{2020}},
Volume = {{11}},
Number = {{3}},
Pages = {{49-59}},
Month = {{MAR}},
ISSN = {{2158-107X}},
EISSN = {{2156-5570}},
Unique-ID = {{ISI:000524029200007}},
}

@article{ ISI:000491150100001,
Author = {Sieger, Ladislav and Nentvich, Ondrej and Urban, Martin},
Title = {{Satellite temperature measurement in LEO and improvement method of
   temperature sensors calibration based on the measured data}},
Journal = {{ASTRONOMISCHE NACHRICHTEN}},
Year = {{2019}},
Volume = {{340}},
Number = {{7, SI}},
Pages = {{652-657}},
Month = {{AUG}},
DOI = {{10.1002/asna.201913671}},
Early Access Date = {{OCT 2019}},
ISSN = {{0004-6337}},
EISSN = {{1521-3994}},
ResearcherID-Numbers = {{Nentvich, Ondrej/AAL-7378-2020
   Sieger, Ladislav/AAM-2593-2020
   }},
ORCID-Numbers = {{Nentvich, Ondrej/0000-0003-1054-1700
   Sieger, Ladislav/0000-0002-6097-7062}},
Unique-ID = {{ISI:000491150100001}},
}

@inproceedings{ ISI:000535353700015,
Author = {Nentvich, Ondrej and Urban, Martin and Blazek, Martin and Inneman, Adolf
   and Hudec, Rene and Sieger, Ladislav},
Editor = {{Khounsary, AM and Goto, S and Morawe, C}},
Title = {{Lobster eye optics: position determination based on 1D optics with a
   simple coded mask}},
Booktitle = {{ADVANCES IN X-RAY/EUV OPTICS AND COMPONENTS XIV}},
Series = {{Proceedings of SPIE}},
Year = {{2019}},
Volume = {{11108}},
Note = {{Conference on Advances in X-Ray/EUV Optics and Components XIV, San
   Diego, CA, AUG 14-15, 2019}},
Organization = {{SPIE}},
DOI = {{10.1117/12.2528505}},
Article-Number = {{111080W}},
ISSN = {{0277-786X}},
EISSN = {{1996-756X}},
ISBN = {{978-1-5106-2910-3}},
ResearcherID-Numbers = {{Blazek, Martin/O-4213-2014
   }},
ORCID-Numbers = {{Blazek, Martin/0000-0003-0034-7891
   Sieger, Ladislav/0000-0002-6097-7062}},
Unique-ID = {{ISI:000535353700015}},
}

@inproceedings{ ISI:000511172300035,
Author = {Urban, Martin and Nentvich, Ondrej and Doubravova, Daniela and Petr,
   Ondrej and Inneman, Adolf and Hudec, Rene and Sieger, Ladislav},
Editor = {{Siegmund, OH}},
Title = {{Timepix: Influence of temperature and vacuum on equalisation of X-ray
   detector and its verification}},
Booktitle = {{UV, X-RAY, AND GAMMA-RAY SPACE INSTRUMENTATION FOR ASTRONOMY XXI}},
Series = {{Proceedings of SPIE}},
Year = {{2019}},
Volume = {{11118}},
Note = {{Conference on UV, X-Ray, and Gamma-Ray Space Instrumentation for
   Astronomy XXI held at SPIE Optical Engineering + Applications
   Conference, San Diego, CA, AUG 11-13, 2019}},
Organization = {{SPIE}},
DOI = {{10.1117/12.2528503}},
Article-Number = {{UNSP 111181H}},
ISSN = {{0277-786X}},
EISSN = {{1996-756X}},
ISBN = {{978-1-5106-2929-5; 978-1-5106-2930-1}},
ResearcherID-Numbers = {{Nentvich, Ondrej/AAL-7378-2020
   Sieger, Ladislav/AAM-2593-2020
   }},
ORCID-Numbers = {{Nentvich, Ondrej/0000-0003-1054-1700
   Sieger, Ladislav/0000-0002-6097-7062}},
Unique-ID = {{ISI:000511172300035}},
}
