
@article{ ISI:000474487700002,
Author = {Daniel, V and Inneman, A. and Vertat, I and Baca, T. and Nentvich, O.
   and Urban, M. and Stehlikova, V and Sieger, L. and Skala, P. and Filgas,
   R. and Zadrazil, V and Linhart, R. and Masopust, J. and Jamroz, T. and
   Pina, L. and Marsikova, V and Mikulickova, L. and Belas, E. and
   Pospisil, S. and Vykydal, Z. and Mora, Y. and Pavlica, R.},
Title = {{In-Orbit Commissioning of Czech Nanosatellite VZLUSAT-1 for the QB50
   Mission with a Demonstrator of a Miniaturised Lobster-Eye X-Ray
   Telescope and Radiation Shielding Composite Materials}},
Journal = {{SPACE SCIENCE REVIEWS}},
Year = {{2019}},
Volume = {{215}},
Number = {{5}},
Month = {{AUG}},
DOI = {{10.1007/s11214-019-0589-7}},
Article-Number = {{40}},
ISSN = {{0038-6308}},
EISSN = {{1572-9672}},
ResearcherID-Numbers = {{Nentvich, Ondrej/AAL-7378-2020
   Sieger, Ladislav/AAM-2593-2020
   Urban, Martin/C-9450-2017
   }},
ORCID-Numbers = {{Nentvich, Ondrej/0000-0003-1054-1700
   Urban, Martin/0000-0003-3121-221X
   Sieger, Ladislav/0000-0002-6097-7062}},
Unique-ID = {{ISI:000474487700002}},
}

@article{ ISI:000472661800006,
Author = {Alanazi, Abdulaziz and Straub, Jeremy},
Title = {{Engineering Methodology for Student-Driven CubeSats}},
Journal = {{AEROSPACE}},
Year = {{2019}},
Volume = {{6}},
Number = {{5}},
Month = {{MAY}},
DOI = {{10.3390/aerospace6050054}},
Article-Number = {{54}},
ISSN = {{2226-4310}},
ResearcherID-Numbers = {{Straub, Jeremy/O-7131-2016}},
ORCID-Numbers = {{Straub, Jeremy/0000-0002-9821-2858}},
Unique-ID = {{ISI:000472661800006}},
}

@article{ ISI:000459643100003,
Author = {Furnell, Will and Shenoy, Abhishek and Fox, Elliot and Hatfield, Peter},
Title = {{First results from the LUCID-Timepix spacecraft payload onboard the
   TechDemoSat-1 satellite in Low Earth Orbit}},
Journal = {{ADVANCES IN SPACE RESEARCH}},
Year = {{2019}},
Volume = {{63}},
Number = {{5}},
Pages = {{1523-1540}},
Month = {{MAR 1}},
DOI = {{10.1016/j.asr.2018.10.045}},
ISSN = {{0273-1177}},
EISSN = {{1879-1948}},
ORCID-Numbers = {{Furnell, Will/0000-0002-8217-9045}},
Unique-ID = {{ISI:000459643100003}},
}

@inproceedings{ ISI:000535354700003,
Author = {Daniel, V. and Hudec, R. and Baca, T. and Pina, L. and Inneman, A. and
   Marsikova, V. and Urban, M. and Nentvich, O. and Stehlikova, V. and
   Tutt, J.},
Editor = {{Hudec, R and Pina, L}},
Title = {{REX LE X-ray telescope experiment overview}},
Booktitle = {{EUV AND X-RAY OPTICS: SYNERGY BETWEEN LABORATORY AND SPACE VI}},
Series = {{Proceedings of SPIE}},
Year = {{2019}},
Volume = {{11032}},
Note = {{Conference on EUV and X-Ray Optics - Synergy between Laboratory and
   Space VI, Prague, CZECH REPUBLIC, APR 03-04, 2019}},
DOI = {{10.1117/12.2527288}},
Article-Number = {{1103206}},
ISSN = {{0277-786X}},
EISSN = {{1996-756X}},
ISBN = {{978-1-5106-2731-4}},
Unique-ID = {{ISI:000535354700003}},
}

@inproceedings{ ISI:000535354700002,
Author = {Hudec, R.},
Editor = {{Hudec, R and Pina, L}},
Title = {{X/EUV and UV optics for miniature cube satellites payloads}},
Booktitle = {{EUV AND X-RAY OPTICS: SYNERGY BETWEEN LABORATORY AND SPACE VI}},
Series = {{Proceedings of SPIE}},
Year = {{2019}},
Volume = {{11032}},
Note = {{Conference on EUV and X-Ray Optics - Synergy between Laboratory and
   Space VI, Prague, CZECH REPUBLIC, APR 03-04, 2019}},
DOI = {{10.1117/12.2525542}},
Article-Number = {{1103204}},
ISSN = {{0277-786X}},
EISSN = {{1996-756X}},
ISBN = {{978-1-5106-2731-4}},
Unique-ID = {{ISI:000535354700002}},
}

@inproceedings{ ISI:000535354700001,
Author = {Pina, L. and Hudec, R. and Inneman, A. and Marsikova, V. and Baca, T.
   and Stehlikova, V. and Daniel, V. and Tutt, J.},
Editor = {{Hudec, R and Pina, L}},
Title = {{Multifoil optics for rocket experiments}},
Booktitle = {{EUV AND X-RAY OPTICS: SYNERGY BETWEEN LABORATORY AND SPACE VI}},
Series = {{Proceedings of SPIE}},
Year = {{2019}},
Volume = {{11032}},
Note = {{Conference on EUV and X-Ray Optics - Synergy between Laboratory and
   Space VI, Prague, CZECH REPUBLIC, APR 03-04, 2019}},
DOI = {{10.1117/12.2525541}},
Article-Number = {{1103203}},
ISSN = {{0277-786X}},
EISSN = {{1996-756X}},
ISBN = {{978-1-5106-2731-4}},
Unique-ID = {{ISI:000535354700001}},
}

@inproceedings{ ISI:000535353700016,
Author = {Pina, L. and Hudec, R. and Marsikova, V. and Inneman, A. and Oberta, P.
   and Havlikova, R.},
Editor = {{Khounsary, AM and Goto, S and Morawe, C}},
Title = {{X-ray Multi-Foil Optical system for CubeSat demonstrator}},
Booktitle = {{ADVANCES IN X-RAY/EUV OPTICS AND COMPONENTS XIV}},
Series = {{Proceedings of SPIE}},
Year = {{2019}},
Volume = {{11108}},
Note = {{Conference on Advances in X-Ray/EUV Optics and Components XIV, San
   Diego, CA, AUG 14-15, 2019}},
Organization = {{SPIE}},
DOI = {{10.1117/12.2543412}},
Article-Number = {{111080Y}},
ISSN = {{0277-786X}},
EISSN = {{1996-756X}},
ISBN = {{978-1-5106-2910-3}},
ORCID-Numbers = {{Oberta, Peter/0000-0002-9825-4871}},
Unique-ID = {{ISI:000535353700016}},
}

@article{ ISI:000448512600001,
Author = {Hatfield, P. and Furnell, W. and Shenoy, A. and Fox, E. and Parker, R.
   and Thomas, L.},
Title = {{The LUCID-Timepix spacecraft payload and the CERN@school educational
   programme}},
Journal = {{JOURNAL OF INSTRUMENTATION}},
Year = {{2018}},
Volume = {{13}},
Month = {{OCT}},
Note = {{20th International Workshop on Radiation Imaging Detectors, Sundsvall,
   SWEDEN, JUN 24-28, 2018}},
DOI = {{10.1088/1748-0221/13/10/C10004}},
Article-Number = {{C10004}},
ISSN = {{1748-0221}},
ORCID-Numbers = {{Furnell, Will/0000-0002-8217-9045}},
Unique-ID = {{ISI:000448512600001}},
}

@article{ ISI:000444072500010,
Author = {Urban, M. and Nentvich, O. and Stehlikova, V. and Sieger, L. and
   Mikulickova, L.},
Title = {{Outgassing monitor on VZLUSAT-1: Preliminary results}},
Journal = {{ASTRONOMISCHE NACHRICHTEN}},
Year = {{2018}},
Volume = {{339}},
Number = {{5, SI}},
Pages = {{367-370}},
Month = {{JUN}},
DOI = {{10.1002/asna.201813507}},
ISSN = {{0004-6337}},
EISSN = {{1521-3994}},
ResearcherID-Numbers = {{Urban, Martin/C-9450-2017
   Nentvich, Ondrej/AAL-7378-2020
   Sieger, Ladislav/AAM-2593-2020
   }},
ORCID-Numbers = {{Urban, Martin/0000-0003-3121-221X
   Nentvich, Ondrej/0000-0003-1054-1700
   Sieger, Ladislav/0000-0002-6097-7062}},
Unique-ID = {{ISI:000444072500010}},
}

@article{ ISI:000432795000001,
Author = {Hudec, R.},
Title = {{AXRO introduction and historical background}},
Journal = {{CONTRIBUTIONS OF THE ASTRONOMICAL OBSERVATORY SKALNATE PLESO}},
Year = {{2018}},
Volume = {{48}},
Number = {{3}},
Pages = {{396-404}},
ISSN = {{1335-1842}},
EISSN = {{1336-0337}},
Unique-ID = {{ISI:000432795000001}},
}

@article{ ISI:000432795000008,
Author = {Hudec, R. and Pina, L. and Marsikova, V. and Nentvich, O. and Urban, M.
   and Inneman, A.},
Title = {{Lobster Eye X-ray optics for astrophysics: Recent status}},
Journal = {{CONTRIBUTIONS OF THE ASTRONOMICAL OBSERVATORY SKALNATE PLESO}},
Year = {{2018}},
Volume = {{48}},
Number = {{3}},
Pages = {{456-465}},
ISSN = {{1335-1842}},
EISSN = {{1336-0337}},
ResearcherID-Numbers = {{Nentvich, Ondrej/AAL-7378-2020
   Urban, Martin/C-9450-2017}},
ORCID-Numbers = {{Nentvich, Ondrej/0000-0003-1054-1700
   Urban, Martin/0000-0003-3121-221X}},
Unique-ID = {{ISI:000432795000008}},
}

@article{ ISI:000410733700001,
Author = {Hudec, R. and Remisova, K.},
Title = {{Biomimetics and astronomical X-ray optics}},
Journal = {{CONTRIBUTIONS OF THE ASTRONOMICAL OBSERVATORY SKALNATE PLESO}},
Year = {{2017}},
Volume = {{47}},
Number = {{2}},
Pages = {{67-75}},
ISSN = {{1335-1842}},
EISSN = {{1336-0337}},
Unique-ID = {{ISI:000410733700001}},
}

@article{ ISI:000410733700004,
Author = {Hudec, R. and Michalova, S.},
Title = {{Fish eye optics}},
Journal = {{CONTRIBUTIONS OF THE ASTRONOMICAL OBSERVATORY SKALNATE PLESO}},
Year = {{2017}},
Volume = {{47}},
Number = {{2}},
Pages = {{94-99}},
ISSN = {{1335-1842}},
EISSN = {{1336-0337}},
ResearcherID-Numbers = {{Hudec, Rene/G-9018-2014}},
Unique-ID = {{ISI:000410733700004}},
}

@article{ ISI:000410733700011,
Author = {Hudec, R.},
Title = {{Astrophysical payloads for picosatellites}},
Journal = {{CONTRIBUTIONS OF THE ASTRONOMICAL OBSERVATORY SKALNATE PLESO}},
Year = {{2017}},
Volume = {{47}},
Number = {{2}},
Pages = {{143-150}},
ISSN = {{1335-1842}},
EISSN = {{1336-0337}},
Unique-ID = {{ISI:000410733700011}},
}

@article{ ISI:000410733700012,
Author = {Urban, M. and Nentvich, O. and Stehlikova, V. and Sieger, L.},
Title = {{Detection of X-ray spectra and images by Timepix}},
Journal = {{CONTRIBUTIONS OF THE ASTRONOMICAL OBSERVATORY SKALNATE PLESO}},
Year = {{2017}},
Volume = {{47}},
Number = {{2}},
Pages = {{151-156}},
ISSN = {{1335-1842}},
EISSN = {{1336-0337}},
ResearcherID-Numbers = {{Nentvich, Ondrej/AAL-7378-2020
   Urban, Martin/C-9450-2017
   Sieger, Ladislav/AAM-2593-2020
   }},
ORCID-Numbers = {{Nentvich, Ondrej/0000-0003-1054-1700
   Urban, Martin/0000-0003-3121-221X
   Sieger, Ladislav/0000-0002-6097-7062}},
Unique-ID = {{ISI:000410733700012}},
}

@inproceedings{ ISI:000406801200001,
Author = {Daniel, V. and Inneman, A. and Pina, L. and Zadrazil, V. and Baca, T.
   and Stehlikova, V. and Nentvich, O. and Urban, M. and Marsikova, V. and
   McEntaffer, R. and Tutt, J. and Schulz, T.},
Editor = {{Hudec, R and Pina, L}},
Title = {{X-ray Lobster Eye All-sky Monitor for Rocket Experiment}},
Booktitle = {{EUV AND X-RAY OPTICS: SYNERGY BETWEEN LABORATORY AND SPACE V}},
Series = {{Proceedings of SPIE}},
Year = {{2017}},
Volume = {{10235}},
Note = {{Conference on EUV and X-ray Optics - Synergy between Laboratory and
   Space V, Prague, CZECH REPUBLIC, APR 26-27, 2017}},
Organization = {{SPIE}},
DOI = {{10.1117/12.2277515}},
Article-Number = {{1023503}},
ISSN = {{0277-786X}},
EISSN = {{1996-756X}},
ISBN = {{978-1-5106-0971-6; 978-1-5106-0972-3}},
ResearcherID-Numbers = {{Urban, Martin/C-9450-2017
   Baca, Tomas/W-2903-2018
   Nentvich, Ondrej/AAL-7378-2020
   }},
ORCID-Numbers = {{Urban, Martin/0000-0003-3121-221X
   Baca, Tomas/0000-0001-9649-8277
   Nentvich, Ondrej/0000-0003-1054-1700
   McEntaffer, Randall/0000-0002-3719-8212}},
Unique-ID = {{ISI:000406801200001}},
}

@inproceedings{ ISI:000406801200017,
Author = {Urban, Martin and Nentvich, Ondrej and Stehlikova, Veronika and Sieger,
   Ladislav},
Editor = {{Hudec, R and Pina, L}},
Title = {{Uncooled spectrometer for X-ray astrophysics}},
Booktitle = {{EUV AND X-RAY OPTICS: SYNERGY BETWEEN LABORATORY AND SPACE V}},
Series = {{Proceedings of SPIE}},
Year = {{2017}},
Volume = {{10235}},
Note = {{Conference on EUV and X-ray Optics - Synergy between Laboratory and
   Space V, Prague, CZECH REPUBLIC, APR 26-27, 2017}},
Organization = {{SPIE}},
DOI = {{10.1117/12.2265744}},
Article-Number = {{102350O}},
ISSN = {{0277-786X}},
EISSN = {{1996-756X}},
ISBN = {{978-1-5106-0971-6; 978-1-5106-0972-3}},
ResearcherID-Numbers = {{Urban, Martin/C-9450-2017
   Nentvich, Ondrej/AAL-7378-2020
   Sieger, Ladislav/AAM-2593-2020
   }},
ORCID-Numbers = {{Urban, Martin/0000-0003-3121-221X
   Nentvich, Ondrej/0000-0003-1054-1700
   Sieger, Ladislav/0000-0002-6097-7062}},
Unique-ID = {{ISI:000406801200017}},
}
