
@article{ ISI:000474487700002,
Author = {Daniel, V and Inneman, A. and Vertat, I and Baca, T. and Nentvich, O.
   and Urban, M. and Stehlikova, V and Sieger, L. and Skala, P. and Filgas,
   R. and Zadrazil, V and Linhart, R. and Masopust, J. and Jamroz, T. and
   Pina, L. and Marsikova, V and Mikulickova, L. and Belas, E. and
   Pospisil, S. and Vykydal, Z. and Mora, Y. and Pavlica, R.},
Title = {{In-Orbit Commissioning of Czech Nanosatellite VZLUSAT-1 for the QB50
   Mission with a Demonstrator of a Miniaturised Lobster-Eye X-Ray
   Telescope and Radiation Shielding Composite Materials}},
Journal = {{SPACE SCIENCE REVIEWS}},
Year = {{2019}},
Volume = {{215}},
Number = {{5}},
Month = {{AUG}},
DOI = {{10.1007/s11214-019-0589-7}},
Article-Number = {{UNSP 40}},
ISSN = {{0038-6308}},
EISSN = {{1572-9672}},
ResearcherID-Numbers = {{Urban, Martin/C-9450-2017}},
ORCID-Numbers = {{Urban, Martin/0000-0003-3121-221X}},
Unique-ID = {{ISI:000474487700002}},
}

@article{ ISI:000444072500014,
Author = {Filgas, R.},
Title = {{Space radiation monitoring with Timepix}},
Journal = {{ASTRONOMISCHE NACHRICHTEN}},
Year = {{2018}},
Volume = {{339}},
Number = {{5, SI}},
Pages = {{386-390}},
Month = {{JUN}},
DOI = {{10.1002/asna.201813511}},
ISSN = {{0004-6337}},
EISSN = {{1521-3994}},
Unique-ID = {{ISI:000444072500014}},
}

@article{ ISI:000444072500020,
Author = {Hudec, R.},
Title = {{Low-dispersion spectroscopy with cubesats and photographic plates}},
Journal = {{ASTRONOMISCHE NACHRICHTEN}},
Year = {{2018}},
Volume = {{339}},
Number = {{5, SI}},
Pages = {{416-419}},
Month = {{JUN}},
DOI = {{10.1002/asna.201813517}},
ISSN = {{0004-6337}},
EISSN = {{1521-3994}},
Unique-ID = {{ISI:000444072500020}},
}

@inproceedings{ ISI:000452819200156,
Author = {Miles, Drew M. and McEntaffer, Randall L. and Donovan, Benjamin D. and
   Tutt, James H. and Steiner, Tyler and Hillman, Christopher R. and McCoy,
   Jake A. and Zhang, Ningxiao},
Editor = {{DenHerder, JWA and Nikzad, S and Nakazawa, K}},
Title = {{Grating design for the Water Recovery X-ray Rocket}},
Booktitle = {{SPACE TELESCOPES AND INSTRUMENTATION 2018: ULTRAVIOLET TO GAMMA RAY}},
Series = {{Proceedings of SPIE}},
Year = {{2018}},
Volume = {{10699}},
Note = {{Conference on Space Telescopes and Instrumentation - Ultraviolet to
   Gamma Ray, Austin, TX, JUN 10-15, 2018}},
Organization = {{SPIE; 4D Technol; Andor Technol Ltd; Astron Consultants \& Equipment,
   Inc; Giant Magellan Telescope; GPixel, Inc; Harris Corp; Mater Corp;
   Optimax Syst, Inc; Princeton Infrared Technologies; Symetrie; Teledyne
   Technologies Inc; Thirty Meter Telescope}},
DOI = {{10.1117/12.2312648}},
Article-Number = {{UNSP 106996K}},
ISSN = {{0277-786X}},
EISSN = {{1996-756X}},
ISBN = {{978-1-5106-1952-4}},
ORCID-Numbers = {{McCoy, Jake/0000-0002-1605-7517}},
Unique-ID = {{ISI:000452819200156}},
}

@article{ ISI:000432795000001,
Author = {Hudec, R.},
Title = {{AXRO introduction and historical background}},
Journal = {{CONTRIBUTIONS OF THE ASTRONOMICAL OBSERVATORY SKALNATE PLESO}},
Year = {{2018}},
Volume = {{48}},
Number = {{3}},
Pages = {{396-404}},
ISSN = {{1335-1842}},
EISSN = {{1336-0337}},
Unique-ID = {{ISI:000432795000001}},
}

@article{ ISI:000432795000008,
Author = {Hudec, R. and Pina, L. and Marsikova, V. and Nentvich, O. and Urban, M.
   and Inneman, A.},
Title = {{Lobster Eye X-ray optics for astrophysics: Recent status}},
Journal = {{CONTRIBUTIONS OF THE ASTRONOMICAL OBSERVATORY SKALNATE PLESO}},
Year = {{2018}},
Volume = {{48}},
Number = {{3}},
Pages = {{456-465}},
ISSN = {{1335-1842}},
EISSN = {{1336-0337}},
ResearcherID-Numbers = {{Urban, Martin/C-9450-2017}},
ORCID-Numbers = {{Urban, Martin/0000-0003-3121-221X}},
Unique-ID = {{ISI:000432795000008}},
}

@article{ ISI:000432795000009,
Author = {Pina, L. and Hudec, R. and Inneman, A. and Nentvich, O. and Urban, M.
   and Marsikova, V. and Stehlikova, V. and Doubravova, D. and Burwitz, V.
   and Pelliciari, C. and Hartner, G. and Daniel, V.},
Title = {{Multi-Foil X-ray optics tests at PANTER: Preliminary results}},
Journal = {{CONTRIBUTIONS OF THE ASTRONOMICAL OBSERVATORY SKALNATE PLESO}},
Year = {{2018}},
Volume = {{48}},
Number = {{3}},
Pages = {{466-475}},
ISSN = {{1335-1842}},
EISSN = {{1336-0337}},
ResearcherID-Numbers = {{Urban, Martin/C-9450-2017}},
ORCID-Numbers = {{Urban, Martin/0000-0003-3121-221X}},
Unique-ID = {{ISI:000432795000009}},
}

@article{ ISI:000410733700011,
Author = {Hudec, R.},
Title = {{Astrophysical payloads for picosatellites}},
Journal = {{CONTRIBUTIONS OF THE ASTRONOMICAL OBSERVATORY SKALNATE PLESO}},
Year = {{2017}},
Volume = {{47}},
Number = {{2}},
Pages = {{143-150}},
ISSN = {{1335-1842}},
EISSN = {{1336-0337}},
Unique-ID = {{ISI:000410733700011}},
}

@article{ ISI:000410733700012,
Author = {Urban, M. and Nentvich, O. and Stehlikova, V. and Sieger, L.},
Title = {{Detection of X-ray spectra and images by Timepix}},
Journal = {{CONTRIBUTIONS OF THE ASTRONOMICAL OBSERVATORY SKALNATE PLESO}},
Year = {{2017}},
Volume = {{47}},
Number = {{2}},
Pages = {{151-156}},
ISSN = {{1335-1842}},
EISSN = {{1336-0337}},
ResearcherID-Numbers = {{Urban, Martin/C-9450-2017
   Nentvich, Ondrej/C-9453-2017}},
ORCID-Numbers = {{Urban, Martin/0000-0003-3121-221X
   Nentvich, Ondrej/0000-0003-1054-1700}},
Unique-ID = {{ISI:000410733700012}},
}

@article{ ISI:000410733700014,
Author = {Stehlikova, V. and Urban, M. and Nentvich, O. and Daniel, V. and Sieger,
   L. and Tutt, J.},
Title = {{Hard X-ray Vela supernova observation on rocket experiment WRX-R}},
Journal = {{CONTRIBUTIONS OF THE ASTRONOMICAL OBSERVATORY SKALNATE PLESO}},
Year = {{2017}},
Volume = {{47}},
Number = {{2}},
Pages = {{165-169}},
ISSN = {{1335-1842}},
EISSN = {{1336-0337}},
ResearcherID-Numbers = {{Urban, Martin/C-9450-2017
   Nentvich, Ondrej/C-9453-2017}},
ORCID-Numbers = {{Urban, Martin/0000-0003-3121-221X
   Nentvich, Ondrej/0000-0003-1054-1700}},
Unique-ID = {{ISI:000410733700014}},
}

@inproceedings{ ISI:000406801200017,
Author = {Urban, Martin and Nentvich, Ondrej and Stehlikova, Veronika and Sieger,
   Ladislav},
Editor = {{Hudec, R and Pina, L}},
Title = {{Uncooled spectrometer for X-ray astrophysics}},
Booktitle = {{EUV AND X-RAY OPTICS: SYNERGY BETWEEN LABORATORY AND SPACE V}},
Series = {{Proceedings of SPIE}},
Year = {{2017}},
Volume = {{10235}},
Note = {{Conference on EUV and X-ray Optics - Synergy between Laboratory and
   Space V, Prague, CZECH REPUBLIC, APR 26-27, 2017}},
Organization = {{SPIE}},
DOI = {{10.1117/12.2265744}},
Article-Number = {{102350O}},
ISSN = {{0277-786X}},
EISSN = {{1996-756X}},
ISBN = {{978-1-5106-0971-6; 978-1-5106-0972-3}},
ResearcherID-Numbers = {{Urban, Martin/C-9450-2017
   Nentvich, Ondrej/C-9453-2017}},
ORCID-Numbers = {{Urban, Martin/0000-0003-3121-221X
   Nentvich, Ondrej/0000-0003-1054-1700}},
Unique-ID = {{ISI:000406801200017}},
}
