
@article{ ISI:000573730700001,
Author = {Wolek, Artur and McMahon, James and Dzikowicz, Benjamin R. and Houston,
   Brian H.},
Title = {{The Orbiting Dubins Traveling Salesman Problem: planning inspection
   tours for a minehunting AUV}},
Journal = {{AUTONOMOUS ROBOTS}},
DOI = {{10.1007/s10514-020-09946-5}},
Early Access Date = {{SEP 2020}},
ISSN = {{0929-5593}},
EISSN = {{1573-7527}},
Unique-ID = {{ISI:000573730700001}},
}

@article{ ISI:000487951900002,
Author = {Penicka, Robert and Faigl, Jan and Saska, Martin and Vana, Petr},
Title = {{Data collection planning with non-zero sensing distance for a budget and
   curvature constrained unmanned aerial vehicle}},
Journal = {{AUTONOMOUS ROBOTS}},
Year = {{2019}},
Volume = {{43}},
Number = {{8}},
Pages = {{1937-1956}},
Month = {{DEC}},
DOI = {{10.1007/s10514-019-09844-5}},
ISSN = {{0929-5593}},
EISSN = {{1573-7527}},
ResearcherID-Numbers = {{Penicka, Robert/AAI-8113-2020
   Penicka, Robert/AAC-4673-2019
   Faigl, Jan/E-8685-2013}},
ORCID-Numbers = {{Penicka, Robert/0000-0001-8549-4932
   Faigl, Jan/0000-0002-6193-0792}},
Unique-ID = {{ISI:000487951900002}},
}

@article{ ISI:000455132600015,
Author = {Faigl, Jan and Vana, Petr and Penicka, Robert and Saska, Martin},
Title = {{Unsupervised learning-based flexible framework for surveillance planning
   with aerial vehicles}},
Journal = {{JOURNAL OF FIELD ROBOTICS}},
Year = {{2019}},
Volume = {{36}},
Number = {{1, SI}},
Pages = {{270-301}},
Month = {{JAN}},
DOI = {{10.1002/rob.21823}},
ISSN = {{1556-4959}},
EISSN = {{1556-4967}},
ResearcherID-Numbers = {{Penicka, Robert/AAI-8113-2020
   Penicka, Robert/AAC-4673-2019
   Saska, Martin/L-3669-2013
   Vana, Petr/K-5165-2017
   Faigl, Jan/E-8685-2013}},
ORCID-Numbers = {{Penicka, Robert/0000-0001-8549-4932
   Vana, Petr/0000-0003-2155-5788
   Faigl, Jan/0000-0002-6193-0792}},
Unique-ID = {{ISI:000455132600015}},
}
