
@article{ ISI:000460696500034,
Author = {Giernacki, Wojciech},
Title = {{Iterative Learning Method for In-Flight Auto-Tuning of UAV Controllers
   Based on Basic Sensory Information}},
Journal = {{APPLIED SCIENCES-BASEL}},
Year = {{2019}},
Volume = {{9}},
Number = {{4}},
Month = {{FEB 2}},
DOI = {{10.3390/app9040648}},
Article-Number = {{648}},
ISSN = {{2076-3417}},
ResearcherID-Numbers = {{Giernacki, Wojciech/M-2225-2014}},
ORCID-Numbers = {{Giernacki, Wojciech/0000-0003-1747-4010}},
Unique-ID = {{ISI:000460696500034}},
}
