
@article{ ISI:000535859600021,
Author = {Niu, Xi and Yuan, Xiaodong and Zhou, Yongwei and Fan, Hehua},
Title = {{UAV track planning based on evolution algorithm in embe dded system}},
Journal = {{MICROPROCESSORS AND MICROSYSTEMS}},
Year = {{2020}},
Volume = {{75}},
Month = {{JUN}},
DOI = {{10.1016/j.micpro.2020.103068}},
Article-Number = {{103068}},
ISSN = {{0141-9331}},
EISSN = {{1872-9436}},
Unique-ID = {{ISI:000535859600021}},
}

@article{ ISI:000557617000001,
Author = {Ayyad, Abdulla and Chehadeh, Mohamad and Awad, I, Mohammad and Zweiri,
   Yahya},
Title = {{Real-Time System Identification Using Deep Learning for Linear Processes
   With Application to Unmanned Aerial Vehicles}},
Journal = {{IEEE ACCESS}},
Year = {{2020}},
Volume = {{8}},
Pages = {{122539-122553}},
DOI = {{10.1109/ACCESS.2020.3006277}},
ISSN = {{2169-3536}},
ORCID-Numbers = {{Zweiri, Yahya/0000-0003-4331-7254
   Awad, Mohammad/0000-0003-1576-5359}},
Unique-ID = {{ISI:000557617000001}},
}

@article{ ISI:000460696500034,
Author = {Giernacki, Wojciech},
Title = {{Iterative Learning Method for In-Flight Auto-Tuning of UAV Controllers
   Based on Basic Sensory Information}},
Journal = {{APPLIED SCIENCES-BASEL}},
Year = {{2019}},
Volume = {{9}},
Number = {{4}},
Month = {{FEB 2}},
DOI = {{10.3390/app9040648}},
Article-Number = {{648}},
EISSN = {{2076-3417}},
ResearcherID-Numbers = {{Giernacki, Wojciech/M-2225-2014}},
ORCID-Numbers = {{Giernacki, Wojciech/0000-0003-1747-4010}},
Unique-ID = {{ISI:000460696500034}},
}
