
@article{ ISI:000471707300001,
Author = {Hamaza, Salua and Georgilas, Ioannis and Fernandez, Manuel and Sanchez,
   Pedro and Richardson, Thomas and Heredia, Guillermo and Ollero, Anibal},
Title = {{Sensor Installation and Retrieval Operations Using an Unmanned Aerial
   Manipulator}},
Journal = {{IEEE ROBOTICS AND AUTOMATION LETTERS}},
Year = {{2019}},
Volume = {{4}},
Number = {{3}},
Pages = {{2793-2800}},
Month = {{JUL}},
DOI = {{10.1109/LRA.2019.2918448}},
ISSN = {{2377-3766}},
ResearcherID-Numbers = {{Heredia Benot, Jose Guillermo/U-3360-2018}},
ORCID-Numbers = {{Sanchez-Cuevas, Pedro/0000-0001-9791-4148
   Heredia Benot, Jose Guillermo/0000-0003-1571-173X}},
Unique-ID = {{ISI:000471707300001}},
}

@article{ ISI:000458569300095,
Author = {Giernacki, Wojciech and Horla, Dariusz and Baca, Tomas and Saska, Martin},
Title = {{Real-Time Model-Free Minimum-Seeking Autotuning Method for Unmanned
   Aerial Vehicle Controllers Based on Fibonacci-Search Algorithm}},
Journal = {{SENSORS}},
Year = {{2019}},
Volume = {{19}},
Number = {{2}},
Month = {{JAN 2}},
DOI = {{10.3390/s19020312}},
Article-Number = {{312}},
ISSN = {{1424-8220}},
ResearcherID-Numbers = {{Saska, Martin/L-3669-2013
   Giernacki, Wojciech/M-2225-2014
   Baca, Tomas/W-2903-2018}},
ORCID-Numbers = {{Giernacki, Wojciech/0000-0003-1747-4010
   Baca, Tomas/0000-0001-9649-8277}},
Unique-ID = {{ISI:000458569300095}},
}

@article{ ISI:000455132600006,
Author = {Baehnemann, Rik and Pantie, Michael and Popovic, Marija and Schindler,
   Dominik and Tranzatto, Marco and Kamel, Mina and Grimm, Marius and
   Widauer, Jakob and Siegwart, Roland and Nieto, Juan},
Title = {{The ETH-MAV Team in the MBZ International Robotics Challenge}},
Journal = {{JOURNAL OF FIELD ROBOTICS}},
Year = {{2019}},
Volume = {{36}},
Number = {{1, SI}},
Pages = {{78-103}},
Month = {{JAN}},
DOI = {{10.1002/rob.21824}},
ISSN = {{1556-4959}},
EISSN = {{1556-4967}},
Unique-ID = {{ISI:000455132600006}},
}

@article{ ISI:000455132600012,
Author = {Beul, Marius and Nieuwenhuisen, Matthias and Quenzel, Jan and Rosu, Radu
   Alexandru and Horn, Jannis and Pavlichenko, Dmytro and Houben, Sebastian
   and Behnke, Sven},
Title = {{Team NimbRo at MBZIRC 2017: Fast landing on a moving target and treasure
   hunting with a team of micro aerial vehicles}},
Journal = {{JOURNAL OF FIELD ROBOTICS}},
Year = {{2019}},
Volume = {{36}},
Number = {{1, SI}},
Pages = {{204-229}},
Month = {{JAN}},
DOI = {{10.1002/rob.21817}},
ISSN = {{1556-4959}},
EISSN = {{1556-4967}},
ResearcherID-Numbers = {{Houben, Sebastian/R-1865-2019
   Behnke, Sven/B-5509-2013
   Nieuwenhuisen, Matthias/C-4205-2019
   }},
ORCID-Numbers = {{Houben, Sebastian/0000-0002-2036-419X
   Behnke, Sven/0000-0002-5040-7525
   Nieuwenhuisen, Matthias/0000-0002-3706-592X
   Rosu, Radu Alexandru/0000-0001-7349-4126}},
Unique-ID = {{ISI:000455132600012}},
}

@article{ ISI:000442341000002,
Author = {Chung, Soon-Jo and Paranjape, Aditya Avinash and Dames, Philip and Shen,
   Shaojie and Kumar, Vijay},
Title = {{A Survey on Aerial Swarm Robotics}},
Journal = {{IEEE TRANSACTIONS ON ROBOTICS}},
Year = {{2018}},
Volume = {{34}},
Number = {{4}},
Pages = {{837-855}},
Month = {{AUG}},
DOI = {{10.1109/TRO.2018.2857475}},
ISSN = {{1552-3098}},
EISSN = {{1941-0468}},
ORCID-Numbers = {{Dames, Philip/0000-0002-7257-0075
   Chung, Soon-Jo/0000-0002-6657-3907}},
Unique-ID = {{ISI:000442341000002}},
}

@inproceedings{ ISI:000458872706029,
Author = {Baca, Tomas and Hert, Daniel and Loianno, Giuseppe and Saska, Martin and
   Kumar, Vijay},
Editor = {{Maciejewski, AA and Okamura, A and Bicchi, A and Stachniss, C and Song, DZ and Lee, DH and Chaumette, F and Ding, H and Li, JS and Wen, J and Roberts, J and Masamune, K and Chong, NY and Amato, N and Tsagwarakis, N and Rocco, P and Asfour, T and Chung, WK and Yasuyoshi, Y and Sun, Y and Maciekeski, T and Althoefer, K and AndradeCetto, J and Chung, WK and Demircan, E and Dias, J and Fraisse, P and Gross, R and Harada, H and Hasegawa, Y and Hayashibe, M and Kiguchi, K and Kim, K and Kroeger, T and Li, Y and Ma, S and Mochiyama, H and Monje, CA and Rekleitis, I and Roberts, R and Stulp, F and Tsai, CHD and Zollo, L}},
Book-Author = {{Kosecka, J}},
Title = {{Model Predictive Trajectory Tracking and Collision Avoidance for
   Reliable Outdoor Deployment of Unmanned Aerial Vehicles}},
Booktitle = {{2018 IEEE/RSJ INTERNATIONAL CONFERENCE ON INTELLIGENT ROBOTS AND SYSTEMS
   (IROS)}},
Series = {{IEEE International Conference on Intelligent Robots and Systems}},
Year = {{2018}},
Pages = {{6753-6760}},
Note = {{25th IEEE/RSJ International Conference on Intelligent Robots and Systems
   (IROS), Madrid, SPAIN, OCT 01-05, 2018}},
Organization = {{IEEE Robot \& Automat Soc; IEEE Ind Elect Soc; Robot Soc Japan; Soc
   Instrument \& Control Engineers; New Technol Fdn; IEEE; Adept
   MobileRobots; Willow Garage; Aldebaran Robot; Natl Instruments;
   Reflexxes GmbH; Schunk Intec S L U; Univ Carlos III Madrid; BOSCH; JD
   COM; Pal Robot; KUKA; Santander; Squirrel AI Learning; Baidu; Generat
   Robots; KINOVA Robot; Ouster; Univ Pablo Olavide Sevilla; Rapyuta Robot;
   SICK; TOYOTA; UP; Amazon; ARGO; Built Robot; Disney Res; Easy Mile;
   Hitachi; Robot; Khalifa Univ; Magazino; MathWorks; New Dexterity;
   Schunk; nuTonomy; PILZ; Prophesee; Rootnik; Saga Robot; Shadow; Soft
   Bank Robot; Anyverse; GalTech; Generat Robot; IEEE CAA Journal
   Automatica Sinica; Sci Robot, AAAS; TERAS}},
ISSN = {{2153-0858}},
ISBN = {{978-1-5386-8094-0}},
ResearcherID-Numbers = {{Baca, Tomas/W-2903-2018
   Saska, Martin/L-3669-2013}},
ORCID-Numbers = {{Baca, Tomas/0000-0001-9649-8277
   }},
Unique-ID = {{ISI:000458872706029}},
}

@inproceedings{ ISI:000459211400095,
Author = {Wu, Yaqi and Song, Jin and Sun, Jiabi and Zhu, Fenfang and Chen, Haoyao},
Book-Group-Author = {{IEEE}},
Title = {{Aerial Grasping Based on VR Perception and Haptic Control}},
Booktitle = {{PROCEEDINGS OF 2018 IEEE INTERNATIONAL CONFERENCE ON REAL-TIME COMPUTING
   AND ROBOTICS (IEEE RCAR)}},
Year = {{2018}},
Pages = {{556-562}},
Note = {{IEEE International Conference on Real-time Computing and Robotics (IEEE
   RCAR), Kandima, MALDIVES, AUG 01-05, 2018}},
Organization = {{IEEE; IEEE Robot \& Automat Soc}},
ISBN = {{978-1-5386-6869-6}},
Unique-ID = {{ISI:000459211400095}},
}

@inproceedings{ ISI:000454860700012,
Author = {Villa, Daniel K. D. and Brandao, Alexandre S. and Sarcinelli-Filho,
   Mario},
Book-Group-Author = {{IEEE}},
Title = {{Load Transportation Using Quadrotors: A Survey of Experimental Results}},
Booktitle = {{2018 INTERNATIONAL CONFERENCE ON UNMANNED AIRCRAFT SYSTEMS (ICUAS)}},
Series = {{International Conference on Unmanned Aircraft Systems}},
Year = {{2018}},
Pages = {{84-93}},
Note = {{INTERNATIONAL CONFERENCE ON UNMANNED AIRCRAFT SYSTEMS (ICUAS), Dallas,
   TX, JUN 12-15, 2018}},
Organization = {{IEEE; IEEE robotics \& Automat Soc; CSS; MCA; Univ Denver; Univ Texas;
   Univ Denver, Daniel Felix Ritchie Sch engn \& Comp sci; BLANKROME; FT
   Technologies; QUANSER; RCbenchmark}},
ISSN = {{2373-6720}},
ISBN = {{978-1-5386-1354-2}},
ResearcherID-Numbers = {{Sarcinelli-Filho, Mario/C-4424-2015
   Brandao, Alexandre Santos/P-5312-2015}},
ORCID-Numbers = {{Sarcinelli-Filho, Mario/0000-0002-7696-8996
   Brandao, Alexandre Santos/0000-0001-5990-2218}},
Unique-ID = {{ISI:000454860700012}},
}

@inproceedings{ ISI:000454860700150,
Author = {Walter, Viktor and Saska, Martin and Franchi, Antonio},
Book-Group-Author = {{IEEE}},
Title = {{Fast Mutual Relative Localization of UAVs using Ultraviolet LED Markers}},
Booktitle = {{2018 INTERNATIONAL CONFERENCE ON UNMANNED AIRCRAFT SYSTEMS (ICUAS)}},
Series = {{International Conference on Unmanned Aircraft Systems}},
Year = {{2018}},
Pages = {{1217-1226}},
Note = {{INTERNATIONAL CONFERENCE ON UNMANNED AIRCRAFT SYSTEMS (ICUAS), Dallas,
   TX, JUN 12-15, 2018}},
Organization = {{IEEE; IEEE robotics \& Automat Soc; CSS; MCA; Univ Denver; Univ Texas;
   Univ Denver, Daniel Felix Ritchie Sch engn \& Comp sci; BLANKROME; FT
   Technologies; QUANSER; RCbenchmark}},
ISSN = {{2373-6720}},
ISBN = {{978-1-5386-1354-2}},
ResearcherID-Numbers = {{Saska, Martin/L-3669-2013}},
Unique-ID = {{ISI:000454860700150}},
}
