
@article{ ISI:000584776900001,
Author = {Queralta, Jorge Pena and Taipalmaa, Jussi and Pullinen, Bilge Can and
   Sarker, Victor Kathan and Tuan Nguyen Gia and Tenhunen, Hannu and
   Gabbouj, Moncef and Raitoharju, Jenni and Westerlund, Tomi},
Title = {{Collaborative Multi-Robot Search and Rescue: Planning, Coordination,
   Perception, and Active Vision}},
Journal = {{IEEE ACCESS}},
Year = {{2020}},
Volume = {{8}},
Pages = {{191617-191643}},
DOI = {{10.1109/ACCESS.2020.3030190}},
ISSN = {{2169-3536}},
ResearcherID-Numbers = {{Gabbouj, Moncef/G-4293-2014
   Westerlund, Tomi/I-2167-2019
   }},
ORCID-Numbers = {{Gabbouj, Moncef/0000-0002-9788-2323
   Westerlund, Tomi/0000-0002-1793-2694
   Pena Queralta, Jorge/0000-0003-3091-3217
   Sarker, Victor/0000-0003-2246-9910}},
Unique-ID = {{ISI:000584776900001}},
}
