
@article{ ISI:000526572000010,
Author = {Petrlik, Matej and Baca, Tomas and Hert, Daniel and Vrba, Matous and
   Krajnik, Tomas and Saska, Martin},
Title = {{A Robust UAV System for Operations in a Constrained Environment}},
Journal = {{IEEE ROBOTICS AND AUTOMATION LETTERS}},
Year = {{2020}},
Volume = {{5}},
Number = {{2}},
Pages = {{2169-2176}},
Month = {{APR}},
DOI = {{10.1109/LRA.2020.2970980}},
ISSN = {{2377-3766}},
ResearcherID-Numbers = {{Baca, Tomas/W-2903-2018
   Krajnik, Tomas/P-9137-2014
   }},
ORCID-Numbers = {{Baca, Tomas/0000-0001-9649-8277
   Krajnik, Tomas/0000-0002-4408-7916
   Petrlik, Matej/0000-0002-5337-9558
   Vrba, Matous/0000-0002-4823-8291}},
Unique-ID = {{ISI:000526572000010}},
}

@article{ ISI:000584776900001,
Author = {Queralta, Jorge Pena and Taipalmaa, Jussi and Pullinen, Bilge Can and
   Sarker, Victor Kathan and Tuan Nguyen Gia and Tenhunen, Hannu and
   Gabbouj, Moncef and Raitoharju, Jenni and Westerlund, Tomi},
Title = {{Collaborative Multi-Robot Search and Rescue: Planning, Coordination,
   Perception, and Active Vision}},
Journal = {{IEEE ACCESS}},
Year = {{2020}},
Volume = {{8}},
Pages = {{191617-191643}},
DOI = {{10.1109/ACCESS.2020.3030190}},
ISSN = {{2169-3536}},
ResearcherID-Numbers = {{Gabbouj, Moncef/G-4293-2014
   Westerlund, Tomi/I-2167-2019}},
ORCID-Numbers = {{Pena Queralta, Jorge/0000-0003-3091-3217
   Sarker, Victor/0000-0003-2246-9910
   Gabbouj, Moncef/0000-0002-9788-2323
   Westerlund, Tomi/0000-0002-1793-2694}},
Unique-ID = {{ISI:000584776900001}},
}
