
@inproceedings{ ISI:000427812000089,
Author = {Saska, Martin and Kratky, Vit and Spurny, Vojtech and Baca, Tomas},
Book-Group-Author = {{IEEE}},
Title = {{Documentation of Dark Areas of Large Historical Buildings by a Formation
   of Unmanned Aerial Vehicles using Model Predictive Control}},
Booktitle = {{2017 22ND IEEE INTERNATIONAL CONFERENCE ON EMERGING TECHNOLOGIES AND
   FACTORY AUTOMATION (ETFA)}},
Series = {{IEEE International Conference on Emerging Technologies and Factory
   Automation-ETFA}},
Year = {{2017}},
Note = {{22nd IEEE International Conference on Emerging Technologies and Factory
   Automation (ETFA), Limassol, CYPRUS, SEP 12-15, 2017}},
Organization = {{IEEE; ABB; ies; Univ Cyprus; Dept Elect Comp Engn}},
ISSN = {{1946-0740}},
ISBN = {{978-1-5090-6505-9}},
ResearcherID-Numbers = {{Saska, Martin/L-3669-2013
   Baca, Tomas/W-2903-2018}},
ORCID-Numbers = {{Baca, Tomas/0000-0001-9649-8277}},
Unique-ID = {{ISI:000427812000089}},
}

@inproceedings{ ISI:000426957800009,
Author = {Shrit, Omar and Martin, Steven and Alagha, Khaldoun and Pujolle, Guy},
Book-Group-Author = {{IEEE}},
Title = {{A new approach to realize drone swarm using ad-hoc network}},
Booktitle = {{2017 16TH ANNUAL MEDITERRANEAN AD HOC NETWORKING WORKSHOP (MED-HOC-NET)}},
Year = {{2017}},
Note = {{16th Annual Mediterranean Ad Hoc Networking Workshop (Med-Hoc-Net),
   Budva, MONTENEGRO, JUN 28-30, 2017}},
Organization = {{IEEE; IEEE Commmun Soc; ifip}},
ISBN = {{978-1-5386-2077-9}},
Unique-ID = {{ISI:000426957800009}},
}

@article{ ISI:000390027900029,
Author = {Saska, Martin and Vonasek, Vojtech and Chudoba, Jan and Thomas, Justin
   and Loianno, Giuseppe and Kumar, Vijay},
Title = {{Swarm Distribution and Deployment for Cooperative Surveillance by
   Micro-Aerial Vehicles}},
Journal = {{JOURNAL OF INTELLIGENT \& ROBOTIC SYSTEMS}},
Year = {{2016}},
Volume = {{84}},
Number = {{1-4, SI}},
Pages = {{469-492}},
Month = {{DEC}},
DOI = {{10.1007/s10846-016-0338-z}},
ISSN = {{0921-0296}},
EISSN = {{1573-0409}},
ResearcherID-Numbers = {{Saska, Martin/L-3669-2013
   Loianno, Giuseppe/E-7473-2017
   }},
ORCID-Numbers = {{Loianno, Giuseppe/0000-0002-3263-5401
   Thomas, Justin/0000-0002-4253-417X}},
Unique-ID = {{ISI:000390027900029}},
}
