
@article{ ISI:000541450300009,
Author = {Tian, Xin and Wei, Guoliang and Wang, Licheng and Zhou, Jun},
Title = {{Wireless -sensor -network -based target localization: A semidefinite
   relaxation approach with adaptive threshold correction}},
Journal = {{NEUROCOMPUTING}},
Year = {{2020}},
Volume = {{405}},
Pages = {{229-238}},
Month = {{SEP 10}},
DOI = {{10.1016/j.neucom.2020.04.046}},
ISSN = {{0925-2312}},
EISSN = {{1872-8286}},
ORCID-Numbers = {{Tian, Xin/0000-0002-7324-2276
   Wei, Guoliang/0000-0003-2928-4142}},
Unique-ID = {{ISI:000541450300009}},
}

@article{ ISI:000536299200023,
Author = {Guo, Kexin and Li, Xiuxian and Xie, Lihua},
Title = {{Ultra-Wideband and Odometry-Based Cooperative Relative Localization With
   Application to Multi-UAV Formation Control}},
Journal = {{IEEE TRANSACTIONS ON CYBERNETICS}},
Year = {{2020}},
Volume = {{50}},
Number = {{6}},
Pages = {{2590-2603}},
Month = {{JUN}},
DOI = {{10.1109/TCYB.2019.2905570}},
ISSN = {{2168-2267}},
EISSN = {{2168-2275}},
ORCID-Numbers = {{Li, Xiuxian/0000-0002-4938-0468
   Xie, Lihua/0000-0002-7137-4136
   Guo, Ken/0000-0002-8297-9501}},
Unique-ID = {{ISI:000536299200023}},
}

@article{ ISI:000535859600021,
Author = {Niu, Xi and Yuan, Xiaodong and Zhou, Yongwei and Fan, Hehua},
Title = {{UAV track planning based on evolution algorithm in embe dded system}},
Journal = {{MICROPROCESSORS AND MICROSYSTEMS}},
Year = {{2020}},
Volume = {{75}},
Month = {{JUN}},
DOI = {{10.1016/j.micpro.2020.103068}},
Article-Number = {{103068}},
ISSN = {{0141-9331}},
EISSN = {{1872-9436}},
Unique-ID = {{ISI:000535859600021}},
}

@article{ ISI:000544694700001,
Author = {Chen, Mingxing and Xiong, Zhi and Liu, Jianye and Wang, Rong and Xiong,
   Jun},
Title = {{Cooperative navigation of unmanned aerial vehicle swarm based on
   cooperative dilution of precision}},
Journal = {{INTERNATIONAL JOURNAL OF ADVANCED ROBOTIC SYSTEMS}},
Year = {{2020}},
Volume = {{17}},
Number = {{3}},
Month = {{MAY}},
DOI = {{10.1177/1729881420932717}},
Article-Number = {{1729881420932717}},
ISSN = {{1729-8814}},
Unique-ID = {{ISI:000544694700001}},
}

@article{ ISI:000533346400083,
Author = {Chen, Chengbin and Tian, YaoYuan and Lin, Liang and Chen, SiFan and Li,
   HanWen and Wang, YuXin and Su, KaiXiong},
Title = {{Obtaining World Coordinate Information of UAV in GNSS Denied
   Environments}},
Journal = {{SENSORS}},
Year = {{2020}},
Volume = {{20}},
Number = {{8}},
Month = {{APR}},
DOI = {{10.3390/s20082241}},
Article-Number = {{2241}},
EISSN = {{1424-8220}},
ResearcherID-Numbers = {{Chen, Chengbin/AAS-5961-2020}},
ORCID-Numbers = {{Chen, Chengbin/0000-0001-7210-1407}},
Unique-ID = {{ISI:000533346400083}},
}

@article{ ISI:000547458600008,
Author = {Tao, Jia and Jia, Yuchen and Gao, Yuan},
Title = {{Intelligent Remote Monitoring System for Minor Faults of Intelligent
   Unmanned Vehicle}},
Journal = {{JORDAN JOURNAL OF MECHANICAL AND INDUSTRIAL ENGINEERING}},
Year = {{2020}},
Volume = {{14}},
Number = {{1, SI}},
Pages = {{61-70}},
Month = {{MAR}},
ISSN = {{1995-6665}},
Unique-ID = {{ISI:000547458600008}},
}

@article{ ISI:000547458600012,
Author = {Li, Yiping},
Title = {{Design of Path Tracking Control System for UAV Based on Adaptive Preview
   Method}},
Journal = {{JORDAN JOURNAL OF MECHANICAL AND INDUSTRIAL ENGINEERING}},
Year = {{2020}},
Volume = {{14}},
Number = {{1, SI}},
Pages = {{101-108}},
Month = {{MAR}},
ISSN = {{1995-6665}},
Unique-ID = {{ISI:000547458600012}},
}

@article{ ISI:000521175700001,
Author = {Isakhani, Hamid and Aouf, Nabil and Kechagias-Stamatis, Odysseas and
   Whidborne, James F.},
Title = {{A Furcated Visual Collision Avoidance System for an Autonomous
   Microrobot}},
Journal = {{IEEE TRANSACTIONS ON COGNITIVE AND DEVELOPMENTAL SYSTEMS}},
Year = {{2020}},
Volume = {{12}},
Number = {{1}},
Pages = {{1-11}},
Month = {{MAR}},
DOI = {{10.1109/TCDS.2018.2858742}},
ISSN = {{2379-8920}},
EISSN = {{2379-8939}},
ResearcherID-Numbers = {{Whidborne, James/N-1768-2014}},
ORCID-Numbers = {{Kechagias-Stamatis, Odysseas/0000-0002-9959-7075
   Whidborne, James/0000-0002-6310-8946}},
Unique-ID = {{ISI:000521175700001}},
}

@article{ ISI:000526677900001,
Author = {Coppola, Mario and McGuire, Kimberly N. and De Wagter, Christophe and de
   Croon, Guido C. H. E.},
Title = {{A Survey on Swarming With Micro Air Vehicles: Fundamental Challenges and
   Constraints}},
Journal = {{FRONTIERS IN ROBOTICS AND AI}},
Year = {{2020}},
Volume = {{7}},
Month = {{FEB 25}},
DOI = {{10.3389/frobt.2020.00018}},
Article-Number = {{18}},
ISSN = {{2296-9144}},
ORCID-Numbers = {{De Wagter, Christophe/0000-0002-6795-8454}},
Unique-ID = {{ISI:000526677900001}},
}

@article{ ISI:000562101600001,
Author = {She, Fujiang and Zhang, Yongjun and Shi, Dianxi and Zhou, Hao and Ren,
   Xiaoguang and Xu, Tianqi},
Title = {{Enhanced Relative Localization Based on Persistent Excitation for
   Multi-UAVs in GPS-Denied Environments}},
Journal = {{IEEE ACCESS}},
Year = {{2020}},
Volume = {{8}},
Pages = {{148136-148148}},
DOI = {{10.1109/ACCESS.2020.3015593}},
ISSN = {{2169-3536}},
Unique-ID = {{ISI:000562101600001}},
}

@article{ ISI:000506330700001,
Author = {Zaini, Abdul Hanif and Xie, Lihua},
Title = {{Distributed Drone Traffic Coordination Using Triggered Communication}},
Journal = {{UNMANNED SYSTEMS}},
Year = {{2020}},
Volume = {{8}},
Number = {{1}},
Pages = {{1-20}},
Month = {{JAN}},
DOI = {{10.1142/S2301385020500016}},
ISSN = {{2301-3850}},
EISSN = {{2301-3869}},
ORCID-Numbers = {{Zaini, Abdul Hanif/0000-0003-2480-0435}},
Unique-ID = {{ISI:000506330700001}},
}

@article{ ISI:000500280200020,
Author = {Wang, Zhanxiu and Liu, Tengfei},
Title = {{Coordinated formation control of wheeled mobile robots with switching
   communication topologies}},
Journal = {{IET CONTROL THEORY AND APPLICATIONS}},
Year = {{2019}},
Volume = {{13}},
Number = {{18}},
Pages = {{3164-3173}},
Month = {{DEC 17}},
DOI = {{10.1049/iet-cta.2018.6241}},
ISSN = {{1751-8644}},
EISSN = {{1751-8652}},
Unique-ID = {{ISI:000500280200020}},
}

@article{ ISI:000500962800002,
Author = {Martinez, Pablo and Barczyk, Martin},
Title = {{Implementation and optimization of the cascade classifier algorithm for
   UAV detection and tracking}},
Journal = {{JOURNAL OF UNMANNED VEHICLE SYSTEMS}},
Year = {{2019}},
Volume = {{7}},
Number = {{4}},
Pages = {{296-311}},
Month = {{DEC}},
DOI = {{10.1139/juvs-2018-0033}},
ISSN = {{2291-3467}},
ResearcherID-Numbers = {{Martinez, Pablo/W-8248-2019}},
ORCID-Numbers = {{Martinez, Pablo/0000-0003-3397-9617}},
Unique-ID = {{ISI:000500962800002}},
}

@article{ ISI:000497864700086,
Author = {Tian, Xin and Wei, Guoliang and Wang, Jianhua and Zhang, Dianchen},
Title = {{A Localization and Tracking Approach in NLOS Environment Based on
   Distance and Angle Probability Model}},
Journal = {{SENSORS}},
Year = {{2019}},
Volume = {{19}},
Number = {{20}},
Month = {{OCT 2}},
DOI = {{10.3390/s19204438}},
Article-Number = {{4438}},
EISSN = {{1424-8220}},
ORCID-Numbers = {{Tian, Xin/0000-0002-7324-2276}},
Unique-ID = {{ISI:000497864700086}},
}

@article{ ISI:000494827600016,
Author = {Schilling, Fabian and Lecoeur, Julien and Schiano, Fabrizio and
   Floreano, Dario},
Title = {{Learning Vision-Based Flight in Drone Swarms by Imitation}},
Journal = {{IEEE ROBOTICS AND AUTOMATION LETTERS}},
Year = {{2019}},
Volume = {{4}},
Number = {{4}},
Pages = {{4523-4530}},
Month = {{OCT}},
DOI = {{10.1109/LRA.2019.2935377}},
ISSN = {{2377-3766}},
ResearcherID-Numbers = {{Schiano, Fabrizio/S-4083-2019
   }},
ORCID-Numbers = {{Schiano, Fabrizio/0000-0002-9472-5381
   Lecoeur, Julien/0000-0002-6697-1980
   Floreano, Dario/0000-0002-5330-4863}},
Unique-ID = {{ISI:000494827600016}},
}

@article{ ISI:000476812300009,
Author = {Vrba, Matous and Hert, Daniel and Saska, Martin},
Title = {{Onboard Marker-Less Detection and Localization of Non-Cooperating Drones
   for Their Safe Interception by an Autonomous Aerial System}},
Journal = {{IEEE ROBOTICS AND AUTOMATION LETTERS}},
Year = {{2019}},
Volume = {{4}},
Number = {{4}},
Pages = {{3402-3409}},
Month = {{OCT}},
DOI = {{10.1109/LRA.2019.2927130}},
ISSN = {{2377-3766}},
ORCID-Numbers = {{Vrba, Matous/0000-0002-4823-8291}},
Unique-ID = {{ISI:000476812300009}},
}

@article{ ISI:000467571900002,
Author = {Walter, Viktor and Staub, Nicolas and Franchi, Antonio and Saska, Martin},
Title = {{UVDAR System for Visual Relative Localization With Application to
   Leader-Follower Formations of Multirotor UAVs}},
Journal = {{IEEE ROBOTICS AND AUTOMATION LETTERS}},
Year = {{2019}},
Volume = {{4}},
Number = {{3}},
Pages = {{2637-2644}},
Month = {{JUL}},
DOI = {{10.1109/LRA.2019.2901683}},
ISSN = {{2377-3766}},
ORCID-Numbers = {{Staub, Nicolas/0000-0002-3889-2396
   Walter, Viktor/0000-0001-8693-6261}},
Unique-ID = {{ISI:000467571900002}},
}

@article{ ISI:000475300300005,
Author = {Nilwong, Sivapong and Hossain, Delowar and Kaneko, Shin-ichiro and Capi,
   Genci},
Title = {{Deep Learning-Based Landmark Detection for Mobile Robot Outdoor
   Localization}},
Journal = {{MACHINES}},
Year = {{2019}},
Volume = {{7}},
Number = {{2}},
Month = {{JUN}},
DOI = {{10.3390/machines7020025}},
Article-Number = {{25}},
EISSN = {{2075-1702}},
ResearcherID-Numbers = {{Hossain, Delowar/K-7424-2016}},
ORCID-Numbers = {{Hossain, Delowar/0000-0002-0059-9215}},
Unique-ID = {{ISI:000475300300005}},
}

@article{ ISI:000463843400022,
Author = {Lopez-Martinez, A. and Cuevas, F. J.},
Title = {{Automatic circle detection on images using the Teaching Learning Based
   Optimization algorithm and gradient analysis}},
Journal = {{APPLIED INTELLIGENCE}},
Year = {{2019}},
Volume = {{49}},
Number = {{5}},
Pages = {{2001-2016}},
Month = {{MAY}},
DOI = {{10.1007/s10489-018-1372-2}},
ISSN = {{0924-669X}},
EISSN = {{1573-7497}},
ORCID-Numbers = {{Lopez Martinez, Alan/0000-0003-2701-4974}},
Unique-ID = {{ISI:000463843400022}},
}

@article{ ISI:000458569300095,
Author = {Giernacki, Wojciech and Horla, Dariusz and Baca, Tomas and Saska, Martin},
Title = {{Real-Time Model-Free Minimum-Seeking Autotuning Method for Unmanned
   Aerial Vehicle Controllers Based on Fibonacci-Search Algorithm}},
Journal = {{SENSORS}},
Year = {{2019}},
Volume = {{19}},
Number = {{2}},
Month = {{JAN 2}},
DOI = {{10.3390/s19020312}},
Article-Number = {{312}},
EISSN = {{1424-8220}},
ResearcherID-Numbers = {{Giernacki, Wojciech/M-2225-2014
   Baca, Tomas/W-2903-2018
   Saska, Martin/L-3669-2013
   Horla, Dariusz/M-1257-2014}},
ORCID-Numbers = {{Giernacki, Wojciech/0000-0003-1747-4010
   Baca, Tomas/0000-0001-9649-8277
   Horla, Dariusz/0000-0002-9456-6704}},
Unique-ID = {{ISI:000458569300095}},
}

@inproceedings{ ISI:000554861000014,
Author = {Jeske, Petr and Kloucek, Stepan and Saska, Martin},
Editor = {{Mazal, J}},
Title = {{Autonomous Compact Monitoring of Large Areas Using Micro Aerial Vehicles
   with Limited Sensory Information and Computational Resources}},
Booktitle = {{MODELLING AND SIMULATION FOR AUTONOMOUS SYSTEMS (MESAS 2018)}},
Series = {{Lecture Notes in Computer Science}},
Year = {{2019}},
Volume = {{11472}},
Pages = {{158-171}},
Note = {{5th International Workshop on Modelling and Simulation for Autonomous
   Systems (MESAS), Prague, CZECH REPUBLIC, OCT 17-19, 2018}},
Organization = {{NATO Modelling \& Simulat Ctr Excellence}},
DOI = {{10.1007/978-3-030-14984-0\_14}},
ISSN = {{0302-9743}},
EISSN = {{1611-3349}},
ISBN = {{978-3-030-14984-0; 978-3-030-14983-3}},
Unique-ID = {{ISI:000554861000014}},
}

@inproceedings{ ISI:000554861000027,
Author = {Zahradka, David and Penicka, Robert and Saska, Martin},
Editor = {{Mazal, J}},
Title = {{Route Planning for Teams of Unmanned Aerial Vehicles Using Dubins
   Vehicle Model with Budget Constraint}},
Booktitle = {{MODELLING AND SIMULATION FOR AUTONOMOUS SYSTEMS (MESAS 2018)}},
Series = {{Lecture Notes in Computer Science}},
Year = {{2019}},
Volume = {{11472}},
Pages = {{365-389}},
Note = {{5th International Workshop on Modelling and Simulation for Autonomous
   Systems (MESAS), Prague, CZECH REPUBLIC, OCT 17-19, 2018}},
Organization = {{NATO Modelling \& Simulat Ctr Excellence}},
DOI = {{10.1007/978-3-030-14984-0\_27}},
ISSN = {{0302-9743}},
EISSN = {{1611-3349}},
ISBN = {{978-3-030-14984-0; 978-3-030-14983-3}},
ResearcherID-Numbers = {{Penicka, Robert/AAI-8113-2020}},
ORCID-Numbers = {{Penicka, Robert/0000-0001-8549-4932}},
Unique-ID = {{ISI:000554861000027}},
}

@inproceedings{ ISI:000521353904064,
Author = {Petrlik, Matej and Vonasek, Vojtech and Saska, Martin},
Book-Group-Author = {{IEEE}},
Title = {{Coverage Optimization in the Cooperative Surveillance Task using
   Multiple Micro Aerial Vehicles}},
Booktitle = {{2019 IEEE INTERNATIONAL CONFERENCE ON SYSTEMS, MAN AND CYBERNETICS (SMC)}},
Series = {{IEEE International Conference on Systems Man and Cybernetics Conference
   Proceedings}},
Year = {{2019}},
Pages = {{4373-4380}},
Note = {{IEEE International Conference on Systems, Man and Cybernetics (SMC),
   Bari, ITALY, OCT 06-09, 2019}},
Organization = {{IEEE}},
ISSN = {{1062-922X}},
ISBN = {{978-1-7281-4569-3}},
ORCID-Numbers = {{Vonasek, Vojtech/0000-0001-9224-2151}},
Unique-ID = {{ISI:000521353904064}},
}

@article{ ISI:000510255100019,
Author = {Erez, Dana and Arogeti, Shai and Zarrouk, David},
Title = {{A Novel Simple Two-Robot Precise Self-Localization Method}},
Journal = {{IEEE ACCESS}},
Year = {{2019}},
Volume = {{7}},
Pages = {{154044-154055}},
DOI = {{10.1109/ACCESS.2019.2944222}},
ISSN = {{2169-3536}},
ORCID-Numbers = {{Erez, Dana/0000-0002-0201-3521}},
Unique-ID = {{ISI:000510255100019}},
}

@article{ ISI:000498616600001,
Author = {Shen, Dawei and Lu, Qiang},
Title = {{Hierarchical Formation Control With Applications to Multi-Quadrotor
   Systems}},
Journal = {{IEEE ACCESS}},
Year = {{2019}},
Volume = {{7}},
Pages = {{130599-130609}},
DOI = {{10.1109/ACCESS.2019.2934746}},
ISSN = {{2169-3536}},
ResearcherID-Numbers = {{Lu, Qiang/AAU-7000-2020}},
ORCID-Numbers = {{Lu, Qiang/0000-0002-1586-5598}},
Unique-ID = {{ISI:000498616600001}},
}

@inproceedings{ ISI:000474345000017,
Author = {Amir, Michael and Bruckstein, Alfred M.},
Book-Group-Author = {{Assoc Comp Machinery}},
Title = {{Minimizing Travel in the Uniform Dispersal Problem for Robotic Sensors}},
Booktitle = {{AAMAS `19: PROCEEDINGS OF THE 18TH INTERNATIONAL CONFERENCE ON
   AUTONOMOUS AGENTS AND MULTIAGENT SYSTEMS}},
Year = {{2019}},
Pages = {{113-121}},
Note = {{18th International Conference on Autonomous Agents and MultiAgent
   Systems (AAMAS), Montreal, CANADA, MAY 13-17, 2019}},
Organization = {{Assoc Comp Machinery; Int Fdn Autonomous Agents \& MultiAgent Syst; NSF;
   Artificial Intelligence Journal; Tourisme Montreal; J P Morgan;
   DeepMind; ACM SIGAI; Concordia Univ}},
ISBN = {{978-1-4503-6309-9}},
Unique-ID = {{ISI:000474345000017}},
}

@inproceedings{ ISI:000465234300019,
Author = {Soria, Enrica and Schiano, Fabrizio and Floreano, Dario},
Book-Group-Author = {{IEEE}},
Title = {{The influence of limited visual sensing on the Reynolds flocking
   algorithm}},
Booktitle = {{2019 THIRD IEEE INTERNATIONAL CONFERENCE ON ROBOTIC COMPUTING (IRC 2019)}},
Year = {{2019}},
Pages = {{138-145}},
Note = {{3rd IEEE International Conference on Robotic Computing (IRC), Naples,
   ITALY, FEB 25-27, 2019}},
Organization = {{IEEE; IEEE Comp Soc}},
DOI = {{10.1109/IRC.2019.00028}},
ISBN = {{978-1-5386-9245-5}},
ResearcherID-Numbers = {{Schiano, Fabrizio/S-4083-2019}},
ORCID-Numbers = {{Schiano, Fabrizio/0000-0002-9472-5381}},
Unique-ID = {{ISI:000465234300019}},
}

@article{ ISI:000456364700001,
Author = {Zhang, An and Zhou, Ding and Yang, Mi and Yang, Pan},
Title = {{Finite-Time Formation Control for Unmanned Aerial Vehicle Swarm System
   With Time-Delay and Input Saturation}},
Journal = {{IEEE ACCESS}},
Year = {{2019}},
Volume = {{7}},
Pages = {{5853-5864}},
DOI = {{10.1109/ACCESS.2018.2889858}},
ISSN = {{2169-3536}},
Unique-ID = {{ISI:000456364700001}},
}

@article{ ISI:000455132600012,
Author = {Beul, Marius and Nieuwenhuisen, Matthias and Quenzel, Jan and Rosu, Radu
   Alexandru and Horn, Jannis and Pavlichenko, Dmytro and Houben, Sebastian
   and Behnke, Sven},
Title = {{Team NimbRo at MBZIRC 2017: Fast landing on a moving target and treasure
   hunting with a team of micro aerial vehicles}},
Journal = {{JOURNAL OF FIELD ROBOTICS}},
Year = {{2019}},
Volume = {{36}},
Number = {{1, SI}},
Pages = {{204-229}},
Month = {{JAN}},
DOI = {{10.1002/rob.21817}},
ISSN = {{1556-4959}},
EISSN = {{1556-4967}},
ResearcherID-Numbers = {{Houben, Sebastian/R-1865-2019
   Behnke, Sven/B-5509-2013
   Nieuwenhuisen, Matthias/C-4205-2019}},
ORCID-Numbers = {{Houben, Sebastian/0000-0002-2036-419X
   Behnke, Sven/0000-0002-5040-7525
   Rosu, Radu Alexandru/0000-0001-7349-4126
   Nieuwenhuisen, Matthias/0000-0002-3706-592X}},
Unique-ID = {{ISI:000455132600012}},
}

@article{ ISI:000447819300009,
Author = {Liu, Chang and Hu, Weiduo},
Title = {{Real-time geometric fitting and pose estimation for surface of
   revolution}},
Journal = {{PATTERN RECOGNITION}},
Year = {{2019}},
Volume = {{85}},
Pages = {{90-108}},
Month = {{JAN}},
DOI = {{10.1016/j.patcog.2018.08.002}},
ISSN = {{0031-3203}},
EISSN = {{1873-5142}},
ORCID-Numbers = {{Hu, Weiduo/0000-0003-0090-3675}},
Unique-ID = {{ISI:000447819300009}},
}

@article{ ISI:000448463200002,
Author = {Suzuki, S.},
Title = {{Recent researches on innovative drone technologies in robotics field}},
Journal = {{ADVANCED ROBOTICS}},
Year = {{2018}},
Volume = {{32}},
Number = {{19, SI}},
Pages = {{1008-1022}},
Month = {{OCT 2}},
DOI = {{10.1080/01691864.2018.1515660}},
ISSN = {{0169-1864}},
EISSN = {{1568-5535}},
Unique-ID = {{ISI:000448463200002}},
}

@article{ ISI:000442341000002,
Author = {Chung, Soon-Jo and Paranjape, Aditya Avinash and Dames, Philip and Shen,
   Shaojie and Kumar, Vijay},
Title = {{A Survey on Aerial Swarm Robotics}},
Journal = {{IEEE TRANSACTIONS ON ROBOTICS}},
Year = {{2018}},
Volume = {{34}},
Number = {{4}},
Pages = {{837-855}},
Month = {{AUG}},
DOI = {{10.1109/TRO.2018.2857475}},
ISSN = {{1552-3098}},
EISSN = {{1941-0468}},
ResearcherID-Numbers = {{Kumar, Vijay/AAM-8545-2020
   }},
ORCID-Numbers = {{Dames, Philip/0000-0002-7257-0075
   Kumar, Vijay/0000-0002-3902-9391
   Chung, Soon-Jo/0000-0002-6657-3907}},
Unique-ID = {{ISI:000442341000002}},
}

@article{ ISI:000419031900003,
Author = {Loianno, Giuseppe and Kumar, Vijay},
Title = {{Cooperative Transportation Using Small Quadrotors Using Monocular Vision
   and Inertial Sensing}},
Journal = {{IEEE ROBOTICS AND AUTOMATION LETTERS}},
Year = {{2018}},
Volume = {{3}},
Number = {{2}},
Pages = {{680-687}},
Month = {{APR}},
DOI = {{10.1109/LRA.2017.2778018}},
ISSN = {{2377-3766}},
ResearcherID-Numbers = {{Kumar, Vijay/AAM-8545-2020
   Loianno, Giuseppe/E-7473-2017}},
ORCID-Numbers = {{Loianno, Giuseppe/0000-0002-3263-5401}},
Unique-ID = {{ISI:000419031900003}},
}

@inproceedings{ ISI:000492762400123,
Author = {Kohlbacher, Anton and Eliasson, Jens and Acres, Kevin and Chung, Hoam
   and Barca, Jan Carlo},
Book-Group-Author = {{IEEE}},
Title = {{A Low Cost Omnidirectional Relative Localization Sensor for Swarm
   Applications}},
Booktitle = {{2018 IEEE 4TH WORLD FORUM ON INTERNET OF THINGS (WF-IOT)}},
Year = {{2018}},
Pages = {{694-699}},
Note = {{4th IEEE World Forum on Internet of Things (WF-IoT), Singapore,
   SINGAPORE, FEB 05-08, 2018}},
Organization = {{IEEE; Nanyang Technol Univ, Sch Elect \& Elect Engn; CREDITS;
   DARKMATTER; Rohde \& Schwarz; Fuzhou IoT Lab; IEEE Commun Soc; IEEE
   Consumer Elect Soc; IEEE Control Syst Soc; IEEE Council Elect Design
   Automat; IEEE Council RFID; IEEE Electromagnet Compatibil Soc; IEEE
   Electron Devices So; IEEE Elect Packaging Soc; IEEE Ind Elect Soc; IEEE
   Microwave Theory \& Tech Soc; IEEE Power \& Energy Soc; IEEE Power Elect
   Soc; IEEE Reliabil Soc; IEEE Robot \& Automat Soc; IEEE Sensors Council;
   IEEE Signal Proc Soc; IEEE Soc Social Implicat Technol; IEEE Stand
   Assoc; IEEE Vehicular Technol Soc; IEEE Comp Soc; Internet Soc}},
ISBN = {{978-1-4673-9944-9}},
Unique-ID = {{ISI:000492762400123}},
}

@inproceedings{ ISI:000460536600047,
Author = {Walter, Viktor and Staub, Nicolas and Saska, Martin and Franchi, Antonio},
Editor = {{Reveliotis, S and Cappelleri, D and Dimarogonas, DV and Dotoli, M and Fanti, MP and Li, J and Lucena, V and Seatu, C and Xie, X and Zhu, K}},
Title = {{Mutual Localization of UAVs based on Blinking Ultraviolet Markers and 3D
   Time-Position Hough Transform}},
Booktitle = {{2018 IEEE 14TH INTERNATIONAL CONFERENCE ON AUTOMATION SCIENCE AND
   ENGINEERING (CASE)}},
Series = {{IEEE International Conference on Automation Science and Engineering}},
Year = {{2018}},
Pages = {{298-303}},
Note = {{14th IEEE International Conference on Automation Science and Engineering
   (IEEE CASE), Tech Univ Munich, Munich, GERMANY, AUG 20-24, 2018}},
Organization = {{IEEE}},
ISSN = {{2161-8070}},
ISBN = {{978-1-5386-3593-3}},
Unique-ID = {{ISI:000460536600047}},
}

@inproceedings{ ISI:000458872700019,
Author = {Poiesi, Fabio and Cavallaro, Andrea},
Editor = {{Maciejewski, AA and Okamura, A and Bicchi, A and Stachniss, C and Song, DZ and Lee, DH and Chaumette, F and Ding, H and Li, JS and Wen, J and Roberts, J and Masamune, K and Chong, NY and Amato, N and Tsagwarakis, N and Rocco, P and Asfour, T and Chung, WK and Yasuyoshi, Y and Sun, Y and Maciekeski, T and Althoefer, K and AndradeCetto, J and Chung, WK and Demircan, E and Dias, J and Fraisse, P and Gross, R and Harada, H and Hasegawa, Y and Hayashibe, M and Kiguchi, K and Kim, K and Kroeger, T and Li, Y and Ma, S and Mochiyama, H and Monje, CA and Rekleitis, I and Roberts, R and Stulp, F and Tsai, CHD and Zollo, L}},
Book-Author = {{Kosecka, J}},
Title = {{A distributed vision-based consensus model for aerial-robotic teams}},
Booktitle = {{2018 IEEE/RSJ INTERNATIONAL CONFERENCE ON INTELLIGENT ROBOTS AND SYSTEMS
   (IROS)}},
Series = {{IEEE International Conference on Intelligent Robots and Systems}},
Year = {{2018}},
Pages = {{169-176}},
Note = {{25th IEEE/RSJ International Conference on Intelligent Robots and Systems
   (IROS), Madrid, SPAIN, OCT 01-05, 2018}},
Organization = {{IEEE Robot \& Automat Soc; IEEE Ind Elect Soc; Robot Soc Japan; Soc
   Instrument \& Control Engineers; New Technol Fdn; IEEE; Adept
   MobileRobots; Willow Garage; Aldebaran Robot; Natl Instruments;
   Reflexxes GmbH; Schunk Intec S L U; Univ Carlos III Madrid; BOSCH; JD
   COM; Pal Robot; KUKA; Santander; Squirrel AI Learning; Baidu; Generat
   Robots; KINOVA Robot; Ouster; Univ Pablo Olavide Sevilla; Rapyuta Robot;
   SICK; TOYOTA; UP; Amazon; ARGO; Built Robot; Disney Res; Easy Mile;
   Hitachi; Robot; Khalifa Univ; Magazino; MathWorks; New Dexterity;
   Schunk; nuTonomy; PILZ; Prophesee; Rootnik; Saga Robot; Shadow; Soft
   Bank Robot; Anyverse; GalTech; Generat Robot; IEEE CAA Journal
   Automatica Sinica; Sci Robot, AAAS; TERAS}},
ISSN = {{2153-0858}},
ISBN = {{978-1-5386-8094-0}},
ResearcherID-Numbers = {{Poiesi, Fabio/Y-4137-2019}},
ORCID-Numbers = {{Poiesi, Fabio/0000-0002-9769-1279}},
Unique-ID = {{ISI:000458872700019}},
}

@inproceedings{ ISI:000454860700008,
Author = {Giribet, Juan I. and Mas, Ignacio and Moreno, Patricio},
Book-Group-Author = {{IEEE}},
Title = {{Vision-based Integrated Navigation System and Optimal Allocation in
   Formation Flying}},
Booktitle = {{2018 INTERNATIONAL CONFERENCE ON UNMANNED AIRCRAFT SYSTEMS (ICUAS)}},
Series = {{International Conference on Unmanned Aircraft Systems}},
Year = {{2018}},
Pages = {{52-61}},
Note = {{INTERNATIONAL CONFERENCE ON UNMANNED AIRCRAFT SYSTEMS (ICUAS), Dallas,
   TX, JUN 12-15, 2018}},
Organization = {{IEEE; IEEE robotics \& Automat Soc; CSS; MCA; Univ Denver; Univ Texas;
   Univ Denver, Daniel Felix Ritchie Sch engn \& Comp sci; BLANKROME; FT
   Technologies; QUANSER; RCbenchmark}},
ISSN = {{2373-6720}},
ISBN = {{978-1-5386-1354-2}},
Unique-ID = {{ISI:000454860700008}},
}

@inproceedings{ ISI:000454860700150,
Author = {Walter, Viktor and Saska, Martin and Franchi, Antonio},
Book-Group-Author = {{IEEE}},
Title = {{Fast Mutual Relative Localization of UAVs using Ultraviolet LED Markers}},
Booktitle = {{2018 INTERNATIONAL CONFERENCE ON UNMANNED AIRCRAFT SYSTEMS (ICUAS)}},
Series = {{International Conference on Unmanned Aircraft Systems}},
Year = {{2018}},
Pages = {{1217-1226}},
Note = {{INTERNATIONAL CONFERENCE ON UNMANNED AIRCRAFT SYSTEMS (ICUAS), Dallas,
   TX, JUN 12-15, 2018}},
Organization = {{IEEE; IEEE robotics \& Automat Soc; CSS; MCA; Univ Denver; Univ Texas;
   Univ Denver, Daniel Felix Ritchie Sch engn \& Comp sci; BLANKROME; FT
   Technologies; QUANSER; RCbenchmark}},
ISSN = {{2373-6720}},
ISBN = {{978-1-5386-1354-2}},
ResearcherID-Numbers = {{Saska, Martin/L-3669-2013}},
Unique-ID = {{ISI:000454860700150}},
}

@inproceedings{ ISI:000444831600008,
Author = {Walter, Viktor and Novak, Tomas and Saska, Martin},
Editor = {{Mazal, J}},
Title = {{Self-localization of Unmanned Aerial Vehicles Based on Optical Flow in
   Onboard Camera Images}},
Booktitle = {{MODELLING AND SIMULATION FOR AUTONOMOUS SYSTEMS}},
Series = {{Lecture Notes in Computer Science}},
Year = {{2018}},
Volume = {{10756}},
Pages = {{106-132}},
Note = {{4th International Conference on Modelling and Simulation for Autonomous
   Systems (MESAS), Rome, ITALY, OCT 24-26, 2017}},
Organization = {{NATO Modelling \& Simulat Ctr Excellence; IEEE; IEEE Robot \& Automat
   Soc; IEEE RAS Italian Chapter; IEEE RAS Multi Robot Syst Tech Comm;
   Movimento Italiano Modellazione Simulazione; Czech Tech Univ Prague;
   Military Tech Inst; LOM Praha; VOP CZ}},
DOI = {{10.1007/978-3-319-76072-8\_8}},
ISSN = {{0302-9743}},
EISSN = {{1611-3349}},
ISBN = {{978-3-319-76072-8; 978-3-319-76071-1}},
ResearcherID-Numbers = {{Saska, Martin/L-3669-2013}},
Unique-ID = {{ISI:000444831600008}},
}

@inproceedings{ ISI:000520032900013,
Author = {Schmittle, Matt and Lukina, Anna and Vacek, Lukas and Das, Jnaneshwar
   and Buskirk, Christopher P. and Rees, Stephen and Sztipanovits, Janos
   and Grosu, Radu and Kumar, Vijay},
Book-Group-Author = {{IEEE}},
Title = {{OpenUAV: A UAV Testbed for the CPS and Robotics Community}},
Booktitle = {{2018 9TH ACM/IEEE INTERNATIONAL CONFERENCE ON CYBER-PHYSICAL SYSTEMS
   (ICCPS 2018)}},
Series = {{ACM-IEEE International Conference on Cyber-Physical Systems}},
Year = {{2018}},
Pages = {{130-139}},
Note = {{9th ACM/IEEE International Conference on Cyber-Physical Systems (ICCPS)
   held as part of Cyber-Physical Systems (CPS) Week, Porto, PORTUGAL, APR
   11-13, 2018}},
Organization = {{ACM; IEEE; IEEE Comp Soc}},
DOI = {{10.1109/ICCPS.2018.00021}},
ISSN = {{2375-8317}},
ISBN = {{978-1-5386-5301-2}},
ORCID-Numbers = {{Lukina, Anna/0000-0001-9525-0333}},
Unique-ID = {{ISI:000520032900013}},
}

@inproceedings{ ISI:000505811102080,
Author = {Maeda, Keigo and Funabora, Yuki and Doki, Shinji and Doki, Kae},
Book-Group-Author = {{IEEE}},
Title = {{Flight Path Planning of Multiple UAVs for Robust Localization near
   Infrastructure Facilities}},
Booktitle = {{IECON 2018 - 44TH ANNUAL CONFERENCE OF THE IEEE INDUSTRIAL ELECTRONICS
   SOCIETY}},
Series = {{IEEE Industrial Electronics Society}},
Year = {{2018}},
Pages = {{2522-2527}},
Note = {{44th Annual Conference of the IEEE Industrial-Electronics-Society
   (IECON), Washington, DC, OCT 20-23, 2018}},
Organization = {{IEEE Ind Elect Soc; Inst Elect \& Elect Engineers}},
ISSN = {{1553-572X}},
ISBN = {{978-1-5090-6684-1}},
Unique-ID = {{ISI:000505811102080}},
}

@article{ ISI:000419442400003,
Author = {Lightbody, Peter and Krajnik, Tomas and Hanheide, Marc},
Title = {{An Efficient Visual Fiducial Localisation System}},
Journal = {{APPLIED COMPUTING REVIEW}},
Year = {{2017}},
Volume = {{17}},
Number = {{3}},
Pages = {{28-38}},
Month = {{SEP}},
DOI = {{10.1145/3161534.3161537}},
ISSN = {{1559-6915}},
ResearcherID-Numbers = {{Krajnik, Tomas/O-2339-2013}},
ORCID-Numbers = {{Krajnik, Tomas/0000-0002-4408-7916}},
Unique-ID = {{ISI:000419442400003}},
}

@inproceedings{ ISI:000427812000089,
Author = {Saska, Martin and Kratky, Vit and Spurny, Vojtech and Baca, Tomas},
Book-Group-Author = {{IEEE}},
Title = {{Documentation of Dark Areas of Large Historical Buildings by a Formation
   of Unmanned Aerial Vehicles using Model Predictive Control}},
Booktitle = {{2017 22ND IEEE INTERNATIONAL CONFERENCE ON EMERGING TECHNOLOGIES AND
   FACTORY AUTOMATION (ETFA)}},
Series = {{IEEE International Conference on Emerging Technologies and Factory
   Automation-ETFA}},
Year = {{2017}},
Note = {{22nd IEEE International Conference on Emerging Technologies and Factory
   Automation (ETFA), Limassol, CYPRUS, SEP 12-15, 2017}},
Organization = {{IEEE; ABB; ies; Univ Cyprus; Dept Elect Comp Engn}},
ISSN = {{1946-0740}},
ISBN = {{978-1-5090-6505-9}},
ResearcherID-Numbers = {{Baca, Tomas/W-2903-2018
   Saska, Martin/L-3669-2013}},
ORCID-Numbers = {{Baca, Tomas/0000-0001-9649-8277
   }},
Unique-ID = {{ISI:000427812000089}},
}

@inproceedings{ ISI:000426957800009,
Author = {Shrit, Omar and Martin, Steven and Alagha, Khaldoun and Pujolle, Guy},
Book-Group-Author = {{IEEE}},
Title = {{A new approach to realize drone swarm using ad-hoc network}},
Booktitle = {{2017 16TH ANNUAL MEDITERRANEAN AD HOC NETWORKING WORKSHOP (MED-HOC-NET)}},
Year = {{2017}},
Note = {{16th Annual Mediterranean Ad Hoc Networking Workshop (Med-Hoc-Net),
   Budva, MONTENEGRO, JUN 28-30, 2017}},
Organization = {{IEEE; IEEE Commmun Soc; ifip}},
ISBN = {{978-1-5386-2077-9}},
Unique-ID = {{ISI:000426957800009}},
}

@inproceedings{ ISI:000426455100049,
Author = {Brandtner, Daniel and Saska, Martin},
Book-Group-Author = {{IEEE}},
Title = {{Coherent swarming of unmanned micro aerial vehicles with minimum
   computational and communication requirements}},
Booktitle = {{2017 EUROPEAN CONFERENCE ON MOBILE ROBOTS (ECMR)}},
Year = {{2017}},
Note = {{European Conference on Mobile Robots (ECMR), Paris, FRANCE, SEP 06-08,
   2017}},
ISBN = {{978-1-5386-1096-1}},
ResearcherID-Numbers = {{Saska, Martin/L-3669-2013}},
Unique-ID = {{ISI:000426455100049}},
}

@inproceedings{ ISI:000426455100051,
Author = {Penicka, Robert and Saska, Martin and Reymann, Christophe and Lacroix,
   Simon},
Book-Group-Author = {{IEEE}},
Title = {{Reactive Dubins Traveling Salesman Problem for Replanning of Information
   Gathering by UAVs}},
Booktitle = {{2017 EUROPEAN CONFERENCE ON MOBILE ROBOTS (ECMR)}},
Year = {{2017}},
Note = {{European Conference on Mobile Robots (ECMR), Paris, FRANCE, SEP 06-08,
   2017}},
ISBN = {{978-1-5386-1096-1}},
ResearcherID-Numbers = {{Penicka, Robert/AAI-8113-2020
   Penicka, Robert/AAC-4673-2019
   Saska, Martin/L-3669-2013}},
ORCID-Numbers = {{Penicka, Robert/0000-0001-8549-4932
   }},
Unique-ID = {{ISI:000426455100051}},
}
