
@article{ ISI:000478758000020,
Author = {Goslinski, Jaroslaw and Giernacki, Wojciech and Krolikowski, Andrzej},
Title = {{A Nonlinear Filter for Efficient Attitude Estimation of Unmanned Aerial
   Vehicle (UAV)}},
Journal = {{JOURNAL OF INTELLIGENT \& ROBOTIC SYSTEMS}},
Year = {{2019}},
Volume = {{95}},
Number = {{3-4}},
Pages = {{1079-1095}},
Month = {{SEP}},
DOI = {{10.1007/s10846-018-0949-7}},
ISSN = {{0921-0296}},
EISSN = {{1573-0409}},
Unique-ID = {{ISI:000478758000020}},
}

@article{ ISI:000460696500034,
Author = {Giernacki, Wojciech},
Title = {{Iterative Learning Method for In-Flight Auto-Tuning of UAV Controllers
   Based on Basic Sensory Information}},
Journal = {{APPLIED SCIENCES-BASEL}},
Year = {{2019}},
Volume = {{9}},
Number = {{4}},
Month = {{FEB 2}},
DOI = {{10.3390/app9040648}},
Article-Number = {{648}},
ISSN = {{2076-3417}},
ResearcherID-Numbers = {{Giernacki, Wojciech/M-2225-2014}},
ORCID-Numbers = {{Giernacki, Wojciech/0000-0003-1747-4010}},
Unique-ID = {{ISI:000460696500034}},
}

@article{ ISI:000455132600015,
Author = {Faigl, Jan and Vana, Petr and Penicka, Robert and Saska, Martin},
Title = {{Unsupervised learning-based flexible framework for surveillance planning
   with aerial vehicles}},
Journal = {{JOURNAL OF FIELD ROBOTICS}},
Year = {{2019}},
Volume = {{36}},
Number = {{1, SI}},
Pages = {{270-301}},
Month = {{JAN}},
DOI = {{10.1002/rob.21823}},
ISSN = {{1556-4959}},
EISSN = {{1556-4967}},
ResearcherID-Numbers = {{Saska, Martin/L-3669-2013
   Faigl, Jan/E-8685-2013
   Vana, Petr/K-5165-2017}},
ORCID-Numbers = {{Penicka, Robert/0000-0001-8549-4932
   Faigl, Jan/0000-0002-6193-0792
   Vana, Petr/0000-0003-2155-5788}},
Unique-ID = {{ISI:000455132600015}},
}

@inproceedings{ ISI:000458872706029,
Author = {Baca, Tomas and Hert, Daniel and Loianno, Giuseppe and Saska, Martin and
   Kumar, Vijay},
Editor = {{Maciejewski, AA and Okamura, A and Bicchi, A and Stachniss, C and Song, DZ and Lee, DH and Chaumette, F and Ding, H and Li, JS and Wen, J and Roberts, J and Masamune, K and Chong, NY and Amato, N and Tsagwarakis, N and Rocco, P and Asfour, T and Chung, WK and Yasuyoshi, Y and Sun, Y and Maciekeski, T and Althoefer, K and AndradeCetto, J and Chung, WK and Demircan, E and Dias, J and Fraisse, P and Gross, R and Harada, H and Hasegawa, Y and Hayashibe, M and Kiguchi, K and Kim, K and Kroeger, T and Li, Y and Ma, S and Mochiyama, H and Monje, CA and Rekleitis, I and Roberts, R and Stulp, F and Tsai, CHD and Zollo, L}},
Book-Author = {{Kosecka, J}},
Title = {{Model Predictive Trajectory Tracking and Collision Avoidance for
   Reliable Outdoor Deployment of Unmanned Aerial Vehicles}},
Booktitle = {{2018 IEEE/RSJ INTERNATIONAL CONFERENCE ON INTELLIGENT ROBOTS AND SYSTEMS
   (IROS)}},
Series = {{IEEE International Conference on Intelligent Robots and Systems}},
Year = {{2018}},
Pages = {{6753-6760}},
Note = {{25th IEEE/RSJ International Conference on Intelligent Robots and Systems
   (IROS), Madrid, SPAIN, OCT 01-05, 2018}},
Organization = {{IEEE Robot \& Automat Soc; IEEE Ind Elect Soc; Robot Soc Japan; Soc
   Instrument \& Control Engineers; New Technol Fdn; IEEE; Adept
   MobileRobots; Willow Garage; Aldebaran Robot; Natl Instruments;
   Reflexxes GmbH; Schunk Intec S L U; Univ Carlos III Madrid; BOSCH; JD
   COM; Pal Robot; KUKA; Santander; Squirrel AI Learning; Baidu; Generat
   Robots; KINOVA Robot; Ouster; Univ Pablo Olavide Sevilla; Rapyuta Robot;
   SICK; TOYOTA; UP; Amazon; ARGO; Built Robot; Disney Res; Easy Mile;
   Hitachi; Robot; Khalifa Univ; Magazino; MathWorks; New Dexterity;
   Schunk; nuTonomy; PILZ; Prophesee; Rootnik; Saga Robot; Shadow; Soft
   Bank Robot; Anyverse; GalTech; Generat Robot; IEEE CAA Journal
   Automatica Sinica; Sci Robot, AAAS; TERAS}},
ISSN = {{2153-0858}},
ISBN = {{978-1-5386-8094-0}},
ResearcherID-Numbers = {{Baca, Tomas/W-2903-2018
   Saska, Martin/L-3669-2013}},
ORCID-Numbers = {{Baca, Tomas/0000-0001-9649-8277
   }},
Unique-ID = {{ISI:000458872706029}},
}
