
@article{ ISI:000520954200018,
Author = {Jackson, Brian E. and Howell, Taylor A. and Shah, Kunal and Schwager,
   Mac and Manchester, Zachary},
Title = {{Scalable Cooperative Transport of Cable-Suspended Loads With UAVs Using
   Distributed Trajectory Optimization}},
Journal = {{IEEE ROBOTICS AND AUTOMATION LETTERS}},
Year = {{2020}},
Volume = {{5}},
Number = {{2}},
Pages = {{3368-3374}},
Month = {{APR}},
DOI = {{10.1109/LRA.2020.2975956}},
ISSN = {{2377-3766}},
ORCID-Numbers = {{Schwager, Mac/0000-0002-7871-3663}},
Unique-ID = {{ISI:000520954200018}},
}

@article{ ISI:000521770500001,
Author = {Saska, Martin and Hert, Daniel and Baca, Tomas and Kratky, Vit and
   Nascimento, Tiago},
Title = {{Formation control of unmanned micro aerial vehicles for straitened
   environments}},
Journal = {{AUTONOMOUS ROBOTS}},
DOI = {{10.1007/s10514-020-09913-0}},
Early Access Date = {{MAR 2020}},
ISSN = {{0929-5593}},
EISSN = {{1573-7527}},
Unique-ID = {{ISI:000521770500001}},
}

@article{ ISI:000476812300009,
Author = {Vrba, Matous and Hert, Daniel and Saska, Martin},
Title = {{Onboard Marker-Less Detection and Localization of Non-Cooperating Drones
   for Their Safe Interception by an Autonomous Aerial System}},
Journal = {{IEEE ROBOTICS AND AUTOMATION LETTERS}},
Year = {{2019}},
Volume = {{4}},
Number = {{4}},
Pages = {{3402-3409}},
Month = {{OCT}},
DOI = {{10.1109/LRA.2019.2927130}},
ISSN = {{2377-3766}},
Unique-ID = {{ISI:000476812300009}},
}

@article{ ISI:000484454000012,
Author = {Mohiuddin, Abdullah and Taha, Tarek and Zweiri, Yahya and Gan, Dongming},
Title = {{UAV Payload Transportation via RTDP Based Optimized Velocity Profiles}},
Journal = {{ENERGIES}},
Year = {{2019}},
Volume = {{12}},
Number = {{16}},
Month = {{AUG 2}},
DOI = {{10.3390/en12163049}},
Article-Number = {{3049}},
EISSN = {{1996-1073}},
ORCID-Numbers = {{Mohiuddin, Abdullah/0000-0003-1370-4210
   Zweiri, Yahya/0000-0003-4331-7254}},
Unique-ID = {{ISI:000484454000012}},
}

@article{ ISI:000475466200002,
Author = {Tomas, Baca and Stepan, Petr and Vojtech, Spurny and Hert, Daniel and
   Penicka, Robert and Saska, Martin and Thomas, Justin and Loianno,
   Giuseppe and Kumar, Vijay},
Title = {{Autonomous landing on a moving vehicle with an unmanned aerial vehicle}},
Journal = {{JOURNAL OF FIELD ROBOTICS}},
Year = {{2019}},
Volume = {{36}},
Number = {{5}},
Pages = {{874-891}},
Month = {{AUG}},
DOI = {{10.1002/rob.21858}},
ISSN = {{1556-4959}},
EISSN = {{1556-4967}},
ResearcherID-Numbers = {{Penicka, Robert/AAC-4673-2019
   Penicka, Robert/AAI-8113-2020
   Loianno, Giuseppe/E-7473-2017
   }},
ORCID-Numbers = {{Penicka, Robert/0000-0001-8549-4932
   Loianno, Giuseppe/0000-0002-3263-5401
   Thomas, Justin/0000-0002-4253-417X}},
Unique-ID = {{ISI:000475466200002}},
}

@article{ ISI:000458569300095,
Author = {Giernacki, Wojciech and Horla, Dariusz and Baca, Tomas and Saska, Martin},
Title = {{Real-Time Model-Free Minimum-Seeking Autotuning Method for Unmanned
   Aerial Vehicle Controllers Based on Fibonacci-Search Algorithm}},
Journal = {{SENSORS}},
Year = {{2019}},
Volume = {{19}},
Number = {{2}},
Month = {{JAN 2}},
DOI = {{10.3390/s19020312}},
Article-Number = {{312}},
ISSN = {{1424-8220}},
ResearcherID-Numbers = {{Baca, Tomas/W-2903-2018
   Saska, Martin/L-3669-2013
   Giernacki, Wojciech/M-2225-2014}},
ORCID-Numbers = {{Baca, Tomas/0000-0001-9649-8277
   Giernacki, Wojciech/0000-0003-1747-4010}},
Unique-ID = {{ISI:000458569300095}},
}

@inproceedings{ ISI:000494942302035,
Author = {Faigl, Jan and Vana, Petr and Penicka, Robert},
Editor = {{Howard, A and Althoefer, K and Arai, F and Arrichiello, F and Caputo, B and Castellanos, J and Hauser, K and Isler, V and Kim, J and Liu, H and Oh, P and Santos, V and Scaramuzza, D and Ude, A and Voyles, R and Yamane, K and Okamura, A}},
Book-Group-Author = {{IEEE}},
Title = {{Multi-Vehicle Close Enough Orienteering Problem with Bezier Curves for
   Multi-Rotor Aerial Vehicles}},
Booktitle = {{2019 INTERNATIONAL CONFERENCE ON ROBOTICS AND AUTOMATION (ICRA)}},
Series = {{IEEE International Conference on Robotics and Automation ICRA}},
Year = {{2019}},
Pages = {{3039-3044}},
Note = {{International Conference on Robotics and Automation (ICRA), Montreal,
   CANADA, MAY 20-24, 2019}},
Organization = {{Bosch; DJI; Kinova; Mercedes Benz; Samsung; Argo AI; Clearpath Robot;
   Element AI; Fetch Robot; Huawei; iRobot; KUKA; Quanser; SICK; Toyota Res
   Inst; Uber; Waymo; Zhejiang Lab; Amazon; Applanix; Cloudminds; Honda Res
   Inst; MathWorks; Ouster}},
ISSN = {{1050-4729}},
EISSN = {{2577-087X}},
ISBN = {{978-1-5386-6026-3}},
ResearcherID-Numbers = {{Penicka, Robert/AAI-8113-2020}},
ORCID-Numbers = {{Penicka, Robert/0000-0001-8549-4932}},
Unique-ID = {{ISI:000494942302035}},
}
