
@inproceedings{ ISI:000427812000089,
Author = {Saska, Martin and Kratky, Vit and Spurny, Vojtech and Baca, Tomas},
Book-Group-Author = {{IEEE}},
Title = {{Documentation of Dark Areas of Large Historical Buildings by a Formation
   of Unmanned Aerial Vehicles using Model Predictive Control}},
Booktitle = {{2017 22ND IEEE INTERNATIONAL CONFERENCE ON EMERGING TECHNOLOGIES AND
   FACTORY AUTOMATION (ETFA)}},
Series = {{IEEE International Conference on Emerging Technologies and Factory
   Automation-ETFA}},
Year = {{2017}},
Note = {{22nd IEEE International Conference on Emerging Technologies and Factory
   Automation (ETFA), Limassol, CYPRUS, SEP 12-15, 2017}},
Organization = {{IEEE; ABB; ies; Univ Cyprus; Dept Elect Comp Engn}},
ISSN = {{1946-0740}},
ISBN = {{978-1-5090-6505-9}},
ResearcherID-Numbers = {{Saska, Martin/L-3669-2013
   Baca, Tomas/W-2903-2018}},
ORCID-Numbers = {{Baca, Tomas/0000-0001-9649-8277}},
Unique-ID = {{ISI:000427812000089}},
}

@inproceedings{ ISI:000426455100049,
Author = {Brandtner, Daniel and Saska, Martin},
Book-Group-Author = {{IEEE}},
Title = {{Coherent swarming of unmanned micro aerial vehicles with minimum
   computational and communication requirements}},
Booktitle = {{2017 EUROPEAN CONFERENCE ON MOBILE ROBOTS (ECMR)}},
Year = {{2017}},
Note = {{European Conference on Mobile Robots (ECMR), Paris, FRANCE, SEP 06-08,
   2017}},
ISBN = {{978-1-5386-1096-1}},
ResearcherID-Numbers = {{Saska, Martin/L-3669-2013}},
Unique-ID = {{ISI:000426455100049}},
}

@inproceedings{ ISI:000405520900202,
Author = {Saska, Martin and Baca, Tomas and Hert, Daniel},
Book-Group-Author = {{IEEE}},
Title = {{Formations of Unmanned Micro Aerial Vehicles Led by Migrating Virtual
   Leader}},
Booktitle = {{2016 14TH INTERNATIONAL CONFERENCE ON CONTROL, AUTOMATION, ROBOTICS AND
   VISION (ICARCV)}},
Series = {{International Conference on Control Automation Robotics and Vision}},
Year = {{2016}},
Note = {{14th International Conference on Control, Automation, Robotics and
   Vision (ICARCV), Phukhet, THAILAND, NOV 13-15, 2016}},
ISSN = {{2474-2953}},
ISBN = {{978-1-5090-3549-6}},
ResearcherID-Numbers = {{Saska, Martin/L-3669-2013
   Baca, Tomas/W-2903-2018}},
ORCID-Numbers = {{Baca, Tomas/0000-0001-9649-8277}},
Unique-ID = {{ISI:000405520900202}},
}
