
@article{ ISI:000474487700002,
Author = {Daniel, V and Inneman, A. and Vertat, I and Baca, T. and Nentvich, O.
   and Urban, M. and Stehlikova, V and Sieger, L. and Skala, P. and Filgas,
   R. and Zadrazil, V and Linhart, R. and Masopust, J. and Jamroz, T. and
   Pina, L. and Marsikova, V and Mikulickova, L. and Belas, E. and
   Pospisil, S. and Vykydal, Z. and Mora, Y. and Pavlica, R.},
Title = {{In-Orbit Commissioning of Czech Nanosatellite VZLUSAT-1 for the QB50
   Mission with a Demonstrator of a Miniaturised Lobster-Eye X-Ray
   Telescope and Radiation Shielding Composite Materials}},
Journal = {{SPACE SCIENCE REVIEWS}},
Year = {{2019}},
Volume = {{215}},
Number = {{5}},
Month = {{AUG}},
DOI = {{10.1007/s11214-019-0589-7}},
Article-Number = {{UNSP 40}},
ISSN = {{0038-6308}},
EISSN = {{1572-9672}},
ResearcherID-Numbers = {{Urban, Martin/C-9450-2017}},
ORCID-Numbers = {{Urban, Martin/0000-0003-3121-221X}},
Unique-ID = {{ISI:000474487700002}},
}

@article{ ISI:000459643100003,
Author = {Furnell, Will and Shenoy, Abhishek and Fox, Elliot and Hatfield, Peter},
Title = {{First results from the LUCID-Timepix spacecraft payload onboard the
   TechDemoSat-1 satellite in Low Earth Orbit}},
Journal = {{ADVANCES IN SPACE RESEARCH}},
Year = {{2019}},
Volume = {{63}},
Number = {{5}},
Pages = {{1523-1540}},
Month = {{MAR 1}},
DOI = {{10.1016/j.asr.2018.10.045}},
ISSN = {{0273-1177}},
EISSN = {{1879-1948}},
ORCID-Numbers = {{Furnell, Will/0000-0002-8217-9045}},
Unique-ID = {{ISI:000459643100003}},
}

@article{ ISI:000450394200001,
Author = {Baca, T. and Jilek, M. and Vertat, I. and Urban, M. and Nentvich, O. and
   Filgas, R. and Granja, C. and Inneman, A. and Daniel, V.},
Title = {{Timepix in LEO Orbit onboard the VZLUSAT-1 Nanosatellite: 1-year of
   Space Radiation Dosimetry Measurements}},
Journal = {{JOURNAL OF INSTRUMENTATION}},
Year = {{2018}},
Volume = {{13}},
Month = {{NOV}},
Note = {{20th International Workshop on Radiation Imaging Detectors, Sundsvall,
   SWEDEN, JUN 24-28, 2018}},
DOI = {{10.1088/1748-0221/13/11/C11010}},
Article-Number = {{C11010}},
ISSN = {{1748-0221}},
ResearcherID-Numbers = {{Urban, Martin/C-9450-2017
   Baca, Tomas/W-2903-2018}},
ORCID-Numbers = {{Urban, Martin/0000-0003-3121-221X
   Baca, Tomas/0000-0001-9649-8277}},
Unique-ID = {{ISI:000450394200001}},
}

@article{ ISI:000448512600001,
Author = {Hatfield, P. and Furnell, W. and Shenoy, A. and Fox, E. and Parker, R.
   and Thomas, L.},
Title = {{The LUCID-Timepix spacecraft payload and the CERN@school educational
   programme}},
Journal = {{JOURNAL OF INSTRUMENTATION}},
Year = {{2018}},
Volume = {{13}},
Month = {{OCT}},
Note = {{20th International Workshop on Radiation Imaging Detectors, Sundsvall,
   SWEDEN, JUN 24-28, 2018}},
DOI = {{10.1088/1748-0221/13/10/C10004}},
Article-Number = {{C10004}},
ISSN = {{1748-0221}},
ORCID-Numbers = {{Furnell, Will/0000-0002-8217-9045}},
Unique-ID = {{ISI:000448512600001}},
}

@article{ ISI:000444072500010,
Author = {Urban, M. and Nentvich, O. and Stehlikova, V. and Sieger, L. and
   Mikulickova, L.},
Title = {{Outgassing monitor on VZLUSAT-1: Preliminary results}},
Journal = {{ASTRONOMISCHE NACHRICHTEN}},
Year = {{2018}},
Volume = {{339}},
Number = {{5, SI}},
Pages = {{367-370}},
Month = {{JUN}},
DOI = {{10.1002/asna.201813507}},
ISSN = {{0004-6337}},
EISSN = {{1521-3994}},
ResearcherID-Numbers = {{Urban, Martin/C-9450-2017}},
ORCID-Numbers = {{Urban, Martin/0000-0003-3121-221X}},
Unique-ID = {{ISI:000444072500010}},
}

@article{ ISI:000444072500013,
Author = {Stehlikova, V. and Urban, M. and Nentvich, O. and Sieger, L.},
Title = {{Radiation resistance monitor on VZLUSAT-1: Preliminary results}},
Journal = {{ASTRONOMISCHE NACHRICHTEN}},
Year = {{2018}},
Volume = {{339}},
Number = {{5, SI}},
Pages = {{382-385}},
Month = {{JUN}},
DOI = {{10.1002/asna.201813510}},
ISSN = {{0004-6337}},
EISSN = {{1521-3994}},
ResearcherID-Numbers = {{Urban, Martin/C-9450-2017}},
ORCID-Numbers = {{Urban, Martin/0000-0003-3121-221X}},
Unique-ID = {{ISI:000444072500013}},
}

@article{ ISI:000444072500014,
Author = {Filgas, R.},
Title = {{Space radiation monitoring with Timepix}},
Journal = {{ASTRONOMISCHE NACHRICHTEN}},
Year = {{2018}},
Volume = {{339}},
Number = {{5, SI}},
Pages = {{386-390}},
Month = {{JUN}},
DOI = {{10.1002/asna.201813511}},
ISSN = {{0004-6337}},
EISSN = {{1521-3994}},
Unique-ID = {{ISI:000444072500014}},
}

@article{ ISI:000444072500016,
Author = {Nentvich, O. and Urban, M. and Stehlikova, V. and Sieger, L. and
   Inneman, A.},
Title = {{VZLUSAT-1: Health monitoring system, preliminary results}},
Journal = {{ASTRONOMISCHE NACHRICHTEN}},
Year = {{2018}},
Volume = {{339}},
Number = {{5, SI}},
Pages = {{397-402}},
Month = {{JUN}},
DOI = {{10.1002/asna.201813513}},
ISSN = {{0004-6337}},
EISSN = {{1521-3994}},
ResearcherID-Numbers = {{Urban, Martin/C-9450-2017}},
ORCID-Numbers = {{Urban, Martin/0000-0003-3121-221X}},
Unique-ID = {{ISI:000444072500016}},
}

@article{ ISI:000444072500020,
Author = {Hudec, R.},
Title = {{Low-dispersion spectroscopy with cubesats and photographic plates}},
Journal = {{ASTRONOMISCHE NACHRICHTEN}},
Year = {{2018}},
Volume = {{339}},
Number = {{5, SI}},
Pages = {{416-419}},
Month = {{JUN}},
DOI = {{10.1002/asna.201813517}},
ISSN = {{0004-6337}},
EISSN = {{1521-3994}},
Unique-ID = {{ISI:000444072500020}},
}

@article{ ISI:000432795000001,
Author = {Hudec, R.},
Title = {{AXRO introduction and historical background}},
Journal = {{CONTRIBUTIONS OF THE ASTRONOMICAL OBSERVATORY SKALNATE PLESO}},
Year = {{2018}},
Volume = {{48}},
Number = {{3}},
Pages = {{396-404}},
ISSN = {{1335-1842}},
EISSN = {{1336-0337}},
Unique-ID = {{ISI:000432795000001}},
}

@article{ ISI:000432795000008,
Author = {Hudec, R. and Pina, L. and Marsikova, V. and Nentvich, O. and Urban, M.
   and Inneman, A.},
Title = {{Lobster Eye X-ray optics for astrophysics: Recent status}},
Journal = {{CONTRIBUTIONS OF THE ASTRONOMICAL OBSERVATORY SKALNATE PLESO}},
Year = {{2018}},
Volume = {{48}},
Number = {{3}},
Pages = {{456-465}},
ISSN = {{1335-1842}},
EISSN = {{1336-0337}},
ResearcherID-Numbers = {{Urban, Martin/C-9450-2017}},
ORCID-Numbers = {{Urban, Martin/0000-0003-3121-221X}},
Unique-ID = {{ISI:000432795000008}},
}

@article{ ISI:000410733700012,
Author = {Urban, M. and Nentvich, O. and Stehlikova, V. and Sieger, L.},
Title = {{Detection of X-ray spectra and images by Timepix}},
Journal = {{CONTRIBUTIONS OF THE ASTRONOMICAL OBSERVATORY SKALNATE PLESO}},
Year = {{2017}},
Volume = {{47}},
Number = {{2}},
Pages = {{151-156}},
ISSN = {{1335-1842}},
EISSN = {{1336-0337}},
ResearcherID-Numbers = {{Urban, Martin/C-9450-2017
   Nentvich, Ondrej/C-9453-2017}},
ORCID-Numbers = {{Urban, Martin/0000-0003-3121-221X
   Nentvich, Ondrej/0000-0003-1054-1700}},
Unique-ID = {{ISI:000410733700012}},
}

@article{ ISI:000410733700014,
Author = {Stehlikova, V. and Urban, M. and Nentvich, O. and Daniel, V. and Sieger,
   L. and Tutt, J.},
Title = {{Hard X-ray Vela supernova observation on rocket experiment WRX-R}},
Journal = {{CONTRIBUTIONS OF THE ASTRONOMICAL OBSERVATORY SKALNATE PLESO}},
Year = {{2017}},
Volume = {{47}},
Number = {{2}},
Pages = {{165-169}},
ISSN = {{1335-1842}},
EISSN = {{1336-0337}},
ResearcherID-Numbers = {{Urban, Martin/C-9450-2017
   Nentvich, Ondrej/C-9453-2017}},
ORCID-Numbers = {{Urban, Martin/0000-0003-3121-221X
   Nentvich, Ondrej/0000-0003-1054-1700}},
Unique-ID = {{ISI:000410733700014}},
}

@article{ ISI:000410733700016,
Author = {Nentvich, O. and Urban, M. and Stehlikova, V. and Sieger, L. and Hudec,
   R.},
Title = {{Lobster eye X-ray optics: Data processing from two 1D modules}},
Journal = {{CONTRIBUTIONS OF THE ASTRONOMICAL OBSERVATORY SKALNATE PLESO}},
Year = {{2017}},
Volume = {{47}},
Number = {{2}},
Pages = {{178-183}},
ISSN = {{1335-1842}},
EISSN = {{1336-0337}},
ResearcherID-Numbers = {{Urban, Martin/C-9450-2017
   Nentvich, Ondrej/C-9453-2017}},
ORCID-Numbers = {{Urban, Martin/0000-0003-3121-221X
   Nentvich, Ondrej/0000-0003-1054-1700}},
Unique-ID = {{ISI:000410733700016}},
}

@inproceedings{ ISI:000406801200016,
Author = {Nentvich, Ondrej and Stehlikova, Veronika and Urban, Martin and Hudec,
   Rene and Sieger, Lasislav},
Editor = {{Hudec, R and Pina, L}},
Title = {{Data processing from lobster eye type optics}},
Booktitle = {{EUV AND X-RAY OPTICS: SYNERGY BETWEEN LABORATORY AND SPACE V}},
Series = {{Proceedings of SPIE}},
Year = {{2017}},
Volume = {{10235}},
Note = {{Conference on EUV and X-ray Optics - Synergy between Laboratory and
   Space V, Prague, CZECH REPUBLIC, APR 26-27, 2017}},
Organization = {{SPIE}},
DOI = {{10.1117/12.2265724}},
Article-Number = {{UNSP 102350N}},
ISSN = {{0277-786X}},
EISSN = {{1996-756X}},
ISBN = {{978-1-5106-0971-6; 978-1-5106-0972-3}},
ResearcherID-Numbers = {{Urban, Martin/C-9450-2017
   Nentvich, Ondrej/C-9453-2017}},
ORCID-Numbers = {{Urban, Martin/0000-0003-3121-221X
   Nentvich, Ondrej/0000-0003-1054-1700}},
Unique-ID = {{ISI:000406801200016}},
}

@inproceedings{ ISI:000406801200003,
Author = {Stehlikova, Veronika and Urban, Martin and Nentvich, Ondrej and Inneman,
   Adolf and Doehring, Thorsten and Probst, Anne-Catherine},
Editor = {{Hudec, R and Pina, L}},
Title = {{Study of lobster eye optics with iridium coated X-ray mirrors for a
   rocket experiment}},
Booktitle = {{EUV AND X-RAY OPTICS: SYNERGY BETWEEN LABORATORY AND SPACE V}},
Series = {{Proceedings of SPIE}},
Year = {{2017}},
Volume = {{10235}},
Note = {{Conference on EUV and X-ray Optics - Synergy between Laboratory and
   Space V, Prague, CZECH REPUBLIC, APR 26-27, 2017}},
Organization = {{SPIE}},
DOI = {{10.1117/12.2265769}},
Article-Number = {{1023505}},
ISSN = {{0277-786X}},
EISSN = {{1996-756X}},
ISBN = {{978-1-5106-0971-6; 978-1-5106-0972-3}},
ResearcherID-Numbers = {{Urban, Martin/C-9450-2017
   Nentvich, Ondrej/C-9453-2017}},
ORCID-Numbers = {{Urban, Martin/0000-0003-3121-221X
   Nentvich, Ondrej/0000-0003-1054-1700}},
Unique-ID = {{ISI:000406801200003}},
}
