@article{belkhouche2017reactive,
  author = {Fethi Belkhouche},
  doi = {https://doi.org/10.1016/j.robot.2017.07.006},
  issn = {0921-8890},
  journal = {{Robotics and Autonomous Systems}},
  keywords = {{Reactive path planing, Optimal motion, UAV navigation}},
  pages = {114--123},
  title = {{Reactive optimal UAV motion planning in a dynamic world}},
  type = {article},
  volume = {96},
  year = {2017},
}

@article{pallottino2007decentralized,
  author = {Pallottino, Lucia and Scordio, Vincenzo G and Bicchi, Antonio and Frazzoli, Emilio},
  journal = {{IEEE Transactions on Robotics}},
  number = {6},
  pages = {1170--1183},
  publisher = {IEEE},
  title = {Decentralized cooperative policy for conflict resolution in multivehicle systems},
  type = {article},
  volume = {23},
  year = {2007},
}

@article{saulnier2017flocking,
  author = {Saulnier, Kelsey and Saldana, David and Prorok, Amanda and Pappas, George J. and Kumar, Vijay},
  journal = {{IEEE Robotics and Automation Letters}},
  number = {2},
  pages = {1039--1046},
  publisher = {IEEE},
  title = {Resilient flocking for mobile robot teams},
  type = {article},
  volume = {2},
  year = {2017},
}

@inproceedings{chudoba2014localization,
  address = {Danvers},
  author = {Chudoba, J. and Saska, M. and Baca, T. and Preucil, L.},
  booktitle = {{2014 IEEE International Conference on Unmanned Aircraft Systems (ICUAS)}},
  isbn = {978-1-4799-2376-2},
  keywords = {mine, conference},
  language = {English},
  pages = {611--616},
  publisher = {IEEE Computer society},
  title = {{Localization and stabilization of micro aerial vehicles based on visual features tracking}},
  type = {inproceedings},
  url = {http://ieeexplore.ieee.org/stamp/stamp.jsp?tp=\&arnumber=6842304},
  volume = {1},
  year = {2014},
}

@inproceedings{gassner2017dynamic,
  author = {Gassner, M. and Cieslewski, T. and Scaramuzza, D.},
  booktitle = {{IEEE International Conference on Robotics and Automation (ICRA)}},
  publisher = {IEEE},
  title = {{Dynamic collaboration without communication: Vision-based cable-suspended load transport with two quadrotors}},
  type = {inproceedings},
  year = {2017},
}

@inproceedings{baca2018mpc,
  addendum = {{\textbf{\\60\% contribution, citations: 2 in WoS, 5 in Scopus, 16 in GS}}},
  author = {Baca, T. and Hert, D. and Loianno, G. and Saska, M. and Kumar, V.},
  booktitle = {{2018 IEEE/RSJ International Conference on Intelligent Robots and Systems (IROS)}},
  keywords = {mine, phd_related, conference},
  organization = {IEEE},
  pages = {1--8},
  title = {{Model Predictive Trajectory Tracking and Collision Avoidance for Reliable Outdoor Deployment of Unmanned Aerial Vehicles}},
  type = {inproceedings},
  year = {2018},
}

@inproceedings{saska2017isrr,
  author = {Saska, Martin},
  booktitle = {{IEEE International Symposium on Robotic Research (ISRR)}},
  organization = {IEEE},
  title = {{Large sensors with adaptive shape realised by selfstabilised compact groups of micro aerial vehicles}},
  type = {inproceedings},
  year = {2017},
}

@inproceedings{meier2015px4,
  author = {Meier, Lorenz and Honegger, Dominik and Pollefeys, Marc},
  booktitle = {{IEEE International Conference on Robotics and Automation (ICRA)}},
  organization = {IEEE},
  pages = {6235--6240},
  title = {{PX4: A node-based multithreaded open source robotics framework for deeply embedded platforms}},
  type = {inproceedings},
  year = {2015},
}

@inproceedings{baca2019timepix,
  addendum = {{\textbf{\\70\% contribution, citations: 0 in WoS, 0 in Scopus, 0 in GS}}},
  author = {Baca, T. and Jilek, M. and Manek, P. and Stibinger, P. and Linhart, V. and Jakubek, J. and Saska, M.},
  booktitle = {{Accepted for 2019 IEEE/RSJ International Conference on Intelligent Robots and Systems (IROS)}},
  keywords = {mine, phd_related, conference},
  organization = {IEEE},
  pages = {1--8},
  title = {{Timepix Radiation Detector for Autonomous Radiation Localization and Mapping by Micro Unmanned Vehicles}},
  type = {inproceedings},
  year = {2019},
}

@inproceedings{vertat2018small,
  author = {Vertat, Ivo and Linhart, Richard and Pokorny, Michal and others},
  booktitle = {{28th International Conference Radioelektronika}},
  organization = {IEEE},
  pages = {1--6},
  title = {{Small satellite ground station in Pilsen -- experiences with VZLUSAT-1 commanding and future modifications toward open reference ground station solution}},
  type = {inproceedings},
  year = {2018},
}

@article{llopart2007timepix,
  author = {Llopart, Xavier and Ballabriga, Rafael and Campbell, Michael and others},
  journal = {{Nuclear Instruments and Methods}},
  number = {1--2},
  pages = {485--494},
  publisher = {Elsevier},
  title = {{Timepix, a 65k programmable pixel readout chip for arrival time, energy and/or photon counting measurements}},
  type = {article},
  volume = {581},
  year = {2007},
}

@article{mastellone2008formation,
  author = {Mastellone, Silvia and Stipanovic, Duvsan M. and Graunke, Christopher R. and Intlekofer, Koji A. and Spong, Mark W.},
  journal = {International Journal of Robotics Research},
  number = {1},
  pages = {107--126},
  publisher = {Sage Publications Sage UK: London, England},
  title = {{Formation control and collision avoidance for multi-agent non-holonomic systems: Theory and experiments}},
  type = {article},
  volume = {27},
  year = {2008},
}

@article{hubbell1980pair,
  author = {Hubbell, J. H. and Gimm, Heinz Albert and Overbo, I.},
  journal = {Journal of physical and chemical reference data},
  number = {4},
  pages = {1023--1148},
  publisher = {NIST},
  title = {{Pair, Triplet, and Total Atomic Cross Sections (and Mass Attenuation Coefficients) for 1 MeV-100 GeV Photons in Elements Z= 1 to 100}},
  type = {article},
  volume = {9},
  year = {1980},
}

@article{saska2016auro,
  addendum = {{\textbf{\\22\% contribution, IF 3.634 (Q2 in Robotics), citations: 18 in WoS, 27 in Scopus, 80 in GS}}},
  author = {Saska, M. and Baca, T. and Thomas, J. and Chudoba, J. and Preucil, L. and Krajnik, T. and Faigl, J. and Loianno, G. and Kumar, V.},
  journal = {Autonomous Robots},
  keywords = {mine, phd_related, journal, if},
  title = {{System for deployment of groups of unmanned micro aerial vehicles in GPS-denied environments using onboard visual relative localization}},
  type = {article},
  year = {2016},
}

@inproceedings{mellinger:snap,
  author = {Mellinger, Daniel and Kumar, Vijay},
  booktitle = {{IEEE International Conference on Robotics and Automation (ICRA)}},
  organization = {IEEE},
  pages = {2520--2525},
  title = {Minimum snap trajectory generation and control for quadrotors},
  type = {inproceedings},
  year = {2011},
}

@inproceedings{saska2013adhoc,
  address = {Piscataway},
  author = {Saska, M. and Vonasek, V. and Baca, T. and Preucil, L.},
  booktitle = {{2013 IEEE/RSJ International Conference on Intelligent Robots and Systems (IROS)}},
  keywords = {mine, conference},
  language = {English},
  publisher = {IEEE},
  title = {{Ad-hoc Heterogeneous (MAV-UGV) Formations Stabilized Under a Top-View Relative Localization}},
  type = {inproceedings},
  year = {2013},
}

@inproceedings{daniel2016terrestrial,
  addendum = {{\textbf{\\11\% contribution, citations: 12 in WoS, 13 in Scopus, 12 in GS}}},
  address = {San Diego, California, United States},
  author = {Daniel, V. and Pina, L. and Inneman, A. and Zadrazil, V. and Baca, T. and Platkevic, M. and Stehlikova, V. and Nentvich, O. and Urban, M.},
  booktitle = {{SPIE:} CubeSats and NanoSats for Remote Sensing},
  doi = {10.1117/12.2240299},
  keywords = {mine, conference, phd_unrelated},
  language = {English},
  title = {{Terrestrial gamma-ray flashes monitor demonstrator on CubeSat}},
  type = {inproceedings},
  url = {http://proceedings.spiedigitallibrary.org/proceeding.aspx?articleid=2555713},
  year = {2016},
}

@article{giernacky2019realtime,
  addendum = {{\textbf{\\25\% contribution, IF 3.031 (Q1 in Robotics), citations: 1 in WoS, 1 in Scopus, 1 in GS}}},
  author = {Giernacki, W. and Horla, D. and Baca, T. and Saska, M.},
  doi = {10.3390/s19020312},
  journal = {Sensors},
  keywords = {mine, phd_related, journal, if},
  title = {{Real-time model-free minimum-seeking autotuning method for unmanned aerial vehicle controllers based on fibonacci-search algorithm}},
  type = {article},
  url = {https://www.mdpi.com/1424-8220/19/2/312},
  year = {2019},
}

@article{baca2019jfr,
  addendum = {{\textbf{\\50\% contribution, IF 4.345 (Q1 in Robotics), citations: 0 in WoS, 0 in Scopus, 6 in GS}}},
  author = {Baca, T. and Stepan, P. and Spurny, B. and Hert, D. and Penicka, R. and Saska, M. and Thomas, J. and Loianno, G. and Kumar, V.},
  doi = {10.1002/rob.21858},
  issue = {5},
  journal = {{Journal of Field Robotics}},
  keywords = {mine, phd_related, journal, if},
  pages = {874--891},
  title = {{Autonomous Landing on a Moving Vehicle with an Unmanned Aerial Vehicle}},
  type = {article},
  url = {https://onlinelibrary.wiley.com/doi/abs/10.1002/rob.21858},
  volume = {36},
  year = {2019},
}

@techreport{scofield1973theoretical,
  author = {Scofield, James H},
  institution = {California Univ.},
  title = {Theoretical photoionization cross sections from 1 to 1500 keV},
  type = {techreport},
  year = {1973},
}

@mastersthesis{jilek2018processing,
  author = {Martin Jilek},
  school = {{Czech Technical University in Prague, Faculty of Electrical Engineering}},
  title = {{Processing of Radiation Data from the Timepix Sensor on the VZLUSAT-1 Satellite}},
  type = {mastersthesis},
  url = {https://dspace.cvut.cz/handle/10467/77036},
  year = {2018},
}

@article{vertat2017earth,
  author = {Vertat, Ivo and Linhart, Richard and Masopust, Jiri and others},
  journal = {{Contributions of the Astronomical Observatory Skalnate Pleso}},
  keywords = {mine, phd_unrelated, journal, if},
  pages = {157--164},
  title = {{Earth's thermal radiation sensors for attitude determination systems of small satellites}},
  type = {article},
  volume = {47},
  year = {2017},
}

@article{mattingley:cvxgen,
  author = {Mattingley, Jacob and Boyd, Stephen},
  journal = {Optimization and Engineering},
  number = {1},
  pages = {1--27},
  publisher = {Springer},
  title = {{CVXGEN: A code generator for embedded convex optimization}},
  type = {article},
  volume = {13},
  year = {2012},
}

@article{kamel2017mpc,
  author = {Kamel, Mina and Alonso-Mora, Javier and Siegwart, Roland and Nieto, Juan},
  journal = {arXiv preprint: 1703.01164},
  title = {Nonlinear model predictive control for multi-micro aerial vehicle robust collision avoidance},
  type = {article},
  year = {2017},
}

@article{vykydal2011usb,
  author = {Vykydal, Zdenek and Jakubek, Jan},
  journal = {Nuclear Instruments and Methods},
  pages = {S48--S49},
  publisher = {Elsevier},
  title = {{USB Lite -- Miniaturized readout interface for Medipix2 detector}},
  type = {article},
  volume = {633},
  year = {2011},
}

@inproceedings{daniel2017xray,
  addendum = {{\textbf{\\10\% contribution, citations: 11 in WoS, 6 in Scopus, 5 in GS}}},
  author = {Daniel, V. and Inneman, A. and Pina, L. and Zadrazil, V. and Baca, T. and Stehlikova, V. and Nentvich, O. and Urban, M. and Marsikova, V. and McEntaffer, R. and Tutt, J. and Schulz, T.},
  booktitle = {{Euv and X-Ray Optics: Synergy Between Laboratory And Space V}},
  doi = {{10.1117/12.2277515}},
  keywords = {mine, conference, phd_unrelated},
  organization = {{SPIE}},
  title = {{X-ray Lobster Eye All-sky Monitor for Rocket Experiment}},
  type = {inproceedings},
  volume = {{10235}},
  year = {{2017}},
}

@inproceedings{penicka2017reactive,
  author = {Penicka, Robert and Saska, Martin and Reymann, Christophe and Lacroix, Simon},
  booktitle = {{IEEE European Conference on Mobile Robots (ECMR)}},
  keywords = {mine, phd_related, conference},
  organization = {IEEE},
  title = {{Reactive dubins traveling salesman problem for replanning of information gathering by UAVs}},
  type = {inproceedings},
  year = {2017},
}

@inproceedings{saska2016migrating,
  addendum = {{\textbf{\\30\% contribution, citations: 1 in WoS, 2 in Scopus, 17 in GS}}},
  author = {Saska, Martin and Baca, Tomas and Hert, Daniel},
  booktitle = {{IEEE International Conference on Control, Automation, Robotics and Vision (ICARCV)}},
  keywords = {mine, phd_related, conference},
  organization = {IEEE},
  title = {Formations of unmanned micro aerial vehicles led by migrating virtual leader},
  type = {inproceedings},
  year = {2016},
}

@inproceedings{baca2016embedded,
  addendum = {{\textbf{\\80\% contribution, citations: 6 in WoS, 17 in Scopus, 52 in GS}}},
  author = {Baca, Tomas and Loianno, Giuseppe and Saska, Martin},
  booktitle = {{IEEE International Conference on Methods and Models in Automation and Robotics (MMAR)}},
  keywords = {mine, phd_related, conference},
  organization = {IEEE},
  pages = {992--997},
  title = {{Embedded Model Predictive Control of Unmanned Micro Aerial Vehicles}},
  type = {inproceedings},
  year = {2016},
}

@article{baca2018vzlusat,
  addendum = {{\textbf{\\60\% contribution, IF 1.366 (Q3 in Instruments \& Instrumentation), citations: 0 in WoS, 0 in Scopus, 4 in GS}}},
  author = {Baca, T. and Jilek, M. and Vertat, I. and Urban, M. and Nentvich, O. and Filgas, R. and Granja, C. and Inneman, A. and Daniel, V.},
  journal = {Journal of Instrumentation},
  keywords = {mine, phd_unrelated, journal, if},
  number = {11},
  pages = {C11010},
  title = {{Timepix in LEO Orbit onboard the VZLUSAT-1 Nanosatellite: 1-year of Space Radiation Dosimetry Measurements}},
  type = {article},
  url = {http://stacks.iop.org/1748-0221/13/i=11/a=C11010},
  volume = {13},
  year = {2018},
}

@article{furnell2018first,
  author = {Furnell, Will and Shenoy, Abhishek and Fox, Elliot and others},
  eprint = {arXiv:1810.12876},
  journal = {Advances in Space Research},
  publisher = {Elsevier},
  title = {{First results from the LUCID-Timepix spacecraft payload onboard the TechDemoSat-1 satellite in Low Earth Orbit}},
  type = {article},
  year = {2018},
}

@article{granja2016satram,
  author = {Granja, Carlos and Polansky, Stepan and Vykydal, Zdenek and others},
  journal = {Planetary and Space Science},
  pages = {114--129},
  publisher = {Elsevier},
  title = {{The SATRAM Timepix spacecraft payload in open space on board the Proba-V satellite for wide range radiation monitoring in LEO orbit}},
  type = {article},
  volume = {125},
  year = {2016},
}

@article{chudoba2016exploration,
  addendum = {{\textbf{\\15\% contribution, IF 2.02 (Q3 in Robotics), citations: 1 in WoS, 2 in Scopus, 19 in GS}}},
  author = {Chudoba, J. and Kulich, M. and Saska, M. and Baca, T. and Preucil, L.},
  journal = {{Journal of Intelligent \& Robotic Systems}},
  keywords = {mine, phd_related, journal, if},
  language = {English},
  pages = {1--19},
  title = {{Exploration and Mapping Technique Suited for Visual-features Based Localization of MAVs}},
  type = {article},
  url = {http://link.springer.com/article/10.1007/s10846-016-0358-8},
  year = {2016},
}

@article{mohta2018indoor,
  author = {Mohta, Kartik and Watterson, Michael and Mulgaonkar, Yash and Liu, Sikang and Qu, Chao and Makineni, Anurag and Saulnier, Kelsey and Sun, Ke and Zhu, Alex and Delmerico, Jeffrey and others},
  journal = {{Journal of Field Robotics}},
  number = {1},
  pages = {101--120},
  publisher = {Wiley Online Library},
  title = {{Fast, autonomous flight in GPS-denied and cluttered environments}},
  type = {article},
  volume = {35},
  year = {2018},
}

@inproceedings{baca2017autonomous,
  addendum = {{\textbf{\\33\% contribution, citations: 0 in WoS, 8 in Scopus, 25 in GS}}},
  author = {Baca, T. and Stepan, P. and Saska, M.},
  booktitle = {{IEEE European Conference on Mobile Robotics (ECMR)}},
  keywords = {mine, phd_related, conference},
  organization = {IEEE},
  title = {{Autonomous Landing On A Moving Car With Unmanned Aerial Vehicle}},
  type = {inproceedings},
  year = {2017},
}

@inproceedings{kuriki2014avoidance,
  author = {Kuriki, Yasuhiro and Namerikawa, Toru},
  booktitle = {{IEEE American Control Conference (ACC)}},
  organization = {IEEE},
  pages = {2077--2082},
  title = {{Consensus-based cooperative formation control with collision avoidance for a multi-UAV system}},
  type = {inproceedings},
  year = {2014},
}

@inproceedings{saska2017documentation,
  addendum = {{\textbf{\\25\% contribution, citations: 0 in WoS, 5 in Scopus, 20 in GS}}},
  author = {Saska, Martin and Kratky, Vit and Spurny, Vojtech and Baca, Tomas},
  booktitle = {{IEEE International Conference on Emerging Technologies and Factory Automation (ETFA)}},
  keywords = {mine, phd_related, conference},
  publisher = {IEEE},
  title = {{Documentation of dark areas of large historical buildings by a formation of unmanned aerial vehicles using model predictive control}},
  type = {inproceedings},
  year = {2017},
}

@inproceedings{wan2000unscented,
  author = {Wan, Eric A and Van Der Merwe, Rudolph},
  booktitle = {{Adaptive Systems for Signal Processing, Communications, and Control Symposium, IEEE}},
  organization = {IEEE},
  pages = {153--158},
  title = {{The unscented Kalman filter for nonlinear estimation}},
  type = {inproceedings},
  year = {2000},
}

@article{krajnik2014localization,
  author = {Krajnik, Tomas and Nitsche, Matias and Faigl, Jan and Vanek, Petr and Saska, Martin and Preucil, Libor and Duckett, Tom and Mejail, Marta},
  journal = {{Journal of Intelligent \& Robotic Systems}},
  number = {3--4},
  pages = {539--562},
  publisher = {Springer},
  title = {A practical multirobot localization system},
  type = {article},
  volume = {76},
  year = {2014},
}

@article{loianno2018localization,
  addendum = {{\textbf{\\10\% contribution, CS 4.56, citations: 16 in Scopus, 30 in GS}}},
  author = {Loianno, Giuseppe and Spurny, Vojtech and Thomas, Justin and Baca, Tomas and Thakur, Dinesh and Hert, Daniel and Penicka, Robert and Krajnik, Tomas and Zhou, Alex and Cho, Adam and others},
  journal = {{IEEE Robotics and Automation Letters}},
  keywords = {mine, phd_related, journal, cs},
  number = {3},
  pages = {1576--1583},
  publisher = {IEEE},
  title = {{Localization, Grasping, and Transportation of Magnetic Objects by a team of MAVs in Challenging Desert like Environments}},
  type = {article},
  volume = {3},
  year = {2018},
}

@article{davisson1965interaction,
  author = {Davisson C.},
  journal = {{Alpha-, Beta-, Gamma-ray Spectroscopy}},
  number = {1},
  publisher = {North-Holland Publishing Company},
  title = {{Interaction of gamma-radiation with matter}},
  type = {article},
  volume = {1},
  year = {1980},
}

@book{leo2012techniques,
  author = {Leo, William R},
  publisher = {{Springer Science \& Business Media}},
  title = {Techniques for nuclear and particle physics experiments: a how-to approach},
  type = {book},
  year = {2012},
}

@article{urban2017vzlusat,
  addendum = {{\textbf{\\20\% contribution, IF 2.482 (Q1 in Engineering, Aerospace), citations: 16 in WoS, 19 in Scopus, 21 in GS}}},
  author = {Urban, M. and Nentvich, O. and Stehlikova, V. and Baca, T. and Daniel, V. and Hudec, R.},
  journal = {Acta Astronautica},
  keywords = {mine, phd_unrelated, journal, if},
  pages = {96--104},
  publisher = {Elsevier},
  title = {{VZLUSAT-1: Nanosatellite with miniature lobster eye X-ray telescope and qualification of the radiation shielding composite for space application}},
  type = {article},
  volume = {140},
  year = {2017},
}

@article{baca2018rospix,
  addendum = {{\textbf{\\70\% contribution, IF 1.366 (Q3 in Instruments \& Instrumentation), citations: 0 in WoS, 0 in Scopus, 0 in GS}}},
  author = {Baca, T. and Turecek, D. and McEntaffer, R. and Filgas, R.},
  journal = {Journal of Instrumentation},
  keywords = {mine, phd_related, journal, if},
  number = {11},
  pages = {C11008},
  title = {{Rospix: modular software tool for automated data acquisitions of Timepix detectors on Robot Operating System}},
  type = {article},
  url = {http://stacks.iop.org/1748-0221/13/i=11/a=C11008},
  volume = {13},
  year = {2018},
}

@inproceedings{faigl2017onsolution,
  addendum = {{\textbf{\\10\% contribution, citations: 0 in WoS, 5 in Scopus, 9 in GS}}},
  author = {Faigl, J. and Vana, P. and Saska, M. and Baca, T. and Spurny, V.},
  booktitle = {{2017 IEEE European Conference on Mobile Robots (ECMR)}},
  keywords = {mine, conference, phd_related},
  pages = {1--6},
  title = {{On solution of the Dubins touring problem}},
  type = {inproceedings},
  url = {http://ieeexplore.ieee.org/document/8098685/},
  year = {2017},
}

@inproceedings{lee2010so3,
  author = {Lee, Taeyoung and Leoky, Melvin and McClamroch, N Harris},
  booktitle = {{IEEE Conference on Decision and Control (CDC)}},
  organization = {IEEE},
  pages = {5420--5425},
  title = {{Geometric tracking control of a quadrotor UAV on SE(3)}},
  type = {inproceedings},
  year = {2010},
}

@article{baca2016vzlusat,
  addendum = {{\textbf{\\52\% contribution, citations: 29 in WoS, 30 in Scopus, 35 in GS}}},
  author = {Baca, T. and Platkevic, M. and Jakubek, J. and Inneman, A. and Stehlikova, V. and Urban, M. and Nentvich, O. and Blazek, M. and McEntaffer, R. and Daniel, V.},
  journal = {Journal of Instrumentation},
  keywords = {mine, phd_unrelated, journal, if},
  number = {10},
  pages = {C10007},
  title = {{Miniaturized X-ray telescope for VZLUSAT-1 nanosatellite with Timepix detector}},
  type = {article},
  url = {http://stacks.iop.org/1748-0221/11/i=10/a=C10007},
  volume = {11},
  year = {2016},
}

@article{balampanis2017coastal,
  author = {Balampanis, Fotios and Maza, Ivan and Ollero, Anibal},
  journal = {Sensors},
  number = {4},
  pages = {808},
  publisher = {Multidisciplinary Digital Publishing Institute},
  title = {{Coastal areas division and coverage with multiple UAVs for remote sensing}},
  type = {article},
  volume = {17},
  year = {2017},
}

@article{fornalski2018simple,
  author = {Fornalski, Krzysztof W},
  journal = {{Journal of Physics Communications}},
  number = {3},
  pages = {35--38},
  publisher = {IOP Publishing},
  title = {{Simple empirical correction functions to cross sections of the photoelectric effect, Compton scattering, pair and triplet production for carbon radiation shields for intermediate and high photon energies}},
  type = {article},
  volume = {2},
  year = {2018},
}

@inproceedings{loianno2015mapping,
  author = {Loianno, Giuseppe and Thomas, Justin and Kumar, Vijay},
  booktitle = {{IEEE International Conference on Robotics and Automation (ICRA)}},
  publisher = {IEEE},
  title = {{Cooperative localization and mapping of MAVs using RGB-D sensors}},
  type = {inproceedings},
  year = {2015},
}

@article{spurny2018jfr,
  addendum = {{\textbf{\\22\% contribution, IF 4.345 (Q1 in Robotics), citations: 2 in WoS, 2 in Scopus, 18 in GS}}},
  author = {Spurny, Vojtech and Baca, Tomas and Saska, Martin and Penicka, Robert and Krajnik, Tomas and Thomas, Justin and Thakur, Dinesh and Loianno, Giuseppe and Kumar, Vijay},
  journal = {{Journal of Field Robotics}},
  keywords = {mine, phd_related, journal, if},
  title = {{Cooperative Autonomous Search, Grasping and Delivering in a Treasure Hunt Scenario by a Team of UAVs}},
  type = {article},
  year = {2018},
}

@article{granja2018resolving,
  author = {Granja, C. and Jakubek, J. and Polansky, S. and others},
  journal = {{Nuclear Instruments and Methods}},
  number = {1},
  pages = {60--71},
  publisher = {Elsevier},
  title = {{Resolving power of pixel detector Timepix for wide-range electron, proton and ion detection}},
  type = {article},
  volume = {908},
  year = {2018},
}

@article{daniel2019inorbit,
  addendum = {{\textbf{\\5\% contribution, IF 8.142 (Q1 in Astronomy \& Astrophysics), citations: 0 in WoS, 0 in Scopus, 0 in GS}}},
  author = {Daniel, V. and Inneman, A. and Vertat, I. and Baca, T. and Nentvich, O. and Urban, M. and Stehlikova, V. and Sieger, L. and Skala, P. and Filgas, R. and Zadrazil, V. and Linhart, R. and Masopust, J. and Jamroz, T. and Pina, L. and Marsikova, V. and Mikulickova, L. and Belas, E. and Pospisil, S. and Vykydal, Z. and Mora, Y. and Pavlica, R.},
  doi = {10.1007/s11214-019-0589-7},
  issn = {1572-9672},
  journal = {{Space Science Reviews}},
  keywords = {mine, phd_unrelated, journal, if},
  month = {Jul},
  number = {5},
  pages = {40},
  title = {{In-Orbit Commissioning of Czech Nanosatellite VZLUSAT-1 for the QB50 Mission with a Demonstrator of a Miniaturised Lobster-Eye X-Ray Telescope and Radiation Shielding Composite Materials}},
  type = {article},
  url = {https://doi.org/10.1007/s11214-019-0589-7},
  volume = {215},
  year = {2019},
}

@inproceedings{spurny2016mmar,
  addendum = {{\textbf{\\10\% contribution, citations: 0 in WoS, 6 in Scopus, 32 in GS}}},
  author = {Spurny, V. and Baca, T. and Saska, M.},
  booktitle = {{2016 IEEE International Conference on Methods and Models in Automation and Robotics (MMAR)}},
  doi = {10.1109/MMAR.2016.7575274},
  keywords = {mine, phd_related, conference},
  month = {Aug},
  pages = {998--1003},
  title = {{Complex manoeuvres of heterogeneous MAV-UGV formations using a model predictive control}},
  type = {inproceedings},
  url = {http://ieeexplore.ieee.org/document/7575274/},
  year = {2016},
}

@inproceedings{lopez2017avoidance,
  author = {Lopez, Felipe Garcia and Abbenseth, Jannik and Henkel, Christian and Dorr, Stefan},
  booktitle = {{IEEE European Conference on Mobile Robots (ECMR)}},
  organization = {IEEE},
  title = {{A predictive online path planning and optimization approach for cooperative mobile service robot navigation in industrial applications}},
  type = {inproceedings},
  year = {2017},
}

@article{holy2008pattern,
  author = {Holy, T. and Heijne, E. and Jakubek, J. and others},
  journal = {Nuclear Instruments and Methods},
  number = {1},
  pages = {287--290},
  publisher = {Elsevier},
  title = {{Pattern recognition of tracks induced by individual quanta of ionizing radiation in Medipix2 silicon detector}},
  type = {article},
  volume = {591},
  year = {2008},
}

@inproceedings{cap:timewarping,
  author = {Cap, Michal and Gregoire, Jean and Frazzoli, Emilio},
  booktitle = {{IEEE/RSJ International Conference on Intelligent Robots and Systems (IROS)}},
  organization = {IEEE},
  pages = {5113--5118},
  title = {Provably safe and deadlock-free execution of multi-robot plans under delaying disturbances},
  type = {inproceedings},
  year = {2016},
}

@article{penicka2017dubins,
  author = {Penicka, Robert and Faigl, Jan and Vana, Petr and Saska, Martin},
  journal = {{IEEE Robotics and Automation Letters}},
  number = {2},
  pages = {1210--1217},
  publisher = {IEEE},
  title = {{Dubins orienteering problem}},
  type = {article},
  volume = {2},
  year = {2017},
}

