@article{saska2016auro,
  author = {M. Saska and \textbf{T. Baca} and J. Thomas and J. Chudoba and L. Preucil and T. Krajnik and J. Faigl and G. Loianno and V. Kumar},
  journal = {Autonomous Robots},
  keywords = {mine, phd, related, journal, if},
  title = {{System for Deployment of Groups of Unmanned Micro Aerial Vehicles in GPS-denied Environments Using Onboard Visual Relative Localization}},
  type = {article},
  year = {2016},
}

@book{leo2012techniques,
  author = {Leo, William R},
  publisher = {Springer Science & Business Media},
  title = {Techniques for nuclear and particle physics experiments: a how-to approach},
  type = {book},
  year = {2012},
}

@inproceedings{faigl2017ecmr,
  author = {J. Faigl and P. Vana and M. Saska and \textbf{T. Baca} and V. Spurny},
  booktitle = {2017 IEEE European Conference on Mobile Robots (ECMR)},
  keywords = {mine, phd, unrelated, conference},
  pages = {1-6},
  title = {{On solution of the Dubins touring problem}},
  type = {inproceedings},
  url = {http://ieeexplore.ieee.org/document/8098685/},
  year = {2017},
}

@article{urban2017vzlusat,
  author = {M. Urban and O. Nentvich and V. Stehlikova and \textbf{T. Baca} and V. Daniel and R. Hudec},
  journal = {Acta Astronautica},
  keywords = {mine, phd, unrelated, journal, if, timepix},
  pages = {96--104},
  publisher = {Elsevier},
  title = {{VZLUSAT-1: Nanosatellite with miniature lobster eye X-ray telescope and qualification of the radiation shielding composite for space application}},
  type = {article},
  volume = {140},
  year = {2017},
}

@inproceedings{saska13adhoc,
  author = {Saska, M. and Vonasek, V. and Baca, T. and Preucil, L.},
  booktitle = {2013 IEEE/RSJ International Conference on Intelligent Robots and Systems (IROS)},
  keywords = {mine},
  language = {English},
  publisher = {IEEE},
  title = {Ad-hoc heterogeneous (MAV-UGV) formations stabilized under a top-view relative localization},
  type = {inproceedings},
  year = {2013},
}

@inproceedings{baca2018mpc,
  addendum = {None},
  author = {\textbf{T. Baca} and D. Hert and G. Loianno and M. Saska and V. Kumar},
  booktitle = {2018 IEEE/RSJ International Conference on Intelligent Robots and Systems (IROS)},
  keywords = {mine, phd, related, conference},
  organization = {IEEE},
  pages = {1--8},
  title = {{Model Predictive Trajectory Tracking and Collision Avoidance for Reliable Outdoor Deployment of Unmanned Aerial Vehicles}},
  type = {inproceedings},
  year = {2018},
}

@inproceedings{daniel2016terrestrial,
  addendum = {None},
  author = {V. Daniel and L. Pina and A. Inneman and V. Zadrazil and \textbf{T. Baca} and M. Platkevic and V. Stehlikova and O. Nentvich and M. Urban},
  booktitle = {SPIE: CubeSats and NanoSats for Remote Sensing},
  doi = {10.1117/12.2240299},
  keywords = {mine, phd, unrelated, conference, timepix},
  language = {English},
  title = {{Terrestrial gamma-ray flashes monitor demonstrator on CubeSat}},
  type = {inproceedings},
  url = {http://proceedings.spiedigitallibrary.org/proceeding.aspx?articleid=2555713},
  year = {2016},
}

@article{giernacky2019sensors,
  author = {W. Giernacki and D. Horla and \textbf{T. Baca} and M. Saska},
  doi = {10.3390/s19020312},
  journal = {Sensors},
  keywords = {mine, phd, unrelated, journal, if},
  title = {{Real-time model-free minimum-seeking autotuning method for unmanned aerial vehicle controllers based on Fibonacci-search algorithm}},
  type = {article},
  url = {https://www.mdpi.com/1424-8220/19/2/312},
  year = {2019},
}

@article{davisson1965interaction,
  author = {Davisson C.},
  journal = {Alpha-, Beta-, Gamma-ray Spectroscopy},
  number = {1},
  publisher = {North-Holland Publishing Company},
  title = {Interaction of gamma-radiation with matter},
  type = {article},
  volume = {1},
  year = {1980},
}

@article{spurny2018jfr,
  author = {V. Spurny and \textbf{T. Baca} and M. Saska and R. Penicka and T. Krajnik and J. Thomas, and D. Thakur and G. Loianno and V. Kumar},
  doi = {10.1002/rob.21816},
  journal = {Journal of Field Robotics},
  keywords = {mine, phd, related, journal, if},
  title = {{Cooperative autonomous search, grasping, and delivering in a treasure hunt scenario by a team of Unmanned Aerial Vehicles}},
  type = {article},
  url = {https://onlinelibrary.wiley.com/doi/abs/10.1002/rob.21816},
  year = {2018},
}

@article{baca2019jfr,
  author = {\textbf{T. Baca} and P. Stepan and V. Spurny and D. Hert and R. Penicka and M. Saska and J. Thomas and G. Loianno and V. Kumar},
  doi = {10.1002/rob.21858},
  issue = {5},
  journal = {Journal of Field Robotics},
  keywords = {mine, phd, related, journal, if},
  pages = {874--891},
  title = {{Autonomous Landing on a Moving Vehicle with an Unmanned Aerial Vehicle}},
  type = {article},
  url = {https://onlinelibrary.wiley.com/doi/abs/10.1002/rob.21858},
  volume = {36},
  year = {2019},
}

@article{chudoba2016exploration,
  author = {Chudoba, J. and Kulich, M. and Saska, M. and Baca, T. and Preucil, L.},
  journal = {Journal of Intelligent & Robotic Systems},
  keywords = {mine, phd, journal, unrelated},
  language = {English},
  pages = {1-19},
  title = {Exploration and Mapping Technique Suited for Visual-features Based Localization of MAVs},
  type = {article},
  url = {http://link.springer.com/article/10.1007/s10846-016-0358-8},
  year = {2016},
}

@inproceedings{saska2017documentation,
  author = {M. Saska and V. Kratky and V. Spurny and \textbf{T. Baca}},
  booktitle = {2017 IEEE International Conference on Emerging Technologies and Factory Automation (ETFA)},
  keywords = {mine, phd, unrelated, conference},
  month = {Sept},
  pages = {1--8},
  title = {{Documentation of dark areas of large historical buildings by a formation of unmanned aerial vehicles using model predictive control}},
  type = {inproceedings},
  url = {http://ieeexplore.ieee.org/document/8247654/},
  year = {2017},
}

@techreport{scofield1973theoretical,
  author = {Scofield, James H},
  institution = {California Univ.},
  title = {Theoretical photoionization cross sections from 1 to 1500 keV},
  type = {techreport},
  year = {1973},
}

@article{hubbell1980pair,
  author = {Hubbell, J.H. and Gimm, Heinz Albert and Overbo, I},
  journal = {Journal of physical and chemical reference data},
  number = {4},
  pages = {1023--1148},
  publisher = {NIST},
  title = {Pair, Triplet, and Total Atomic Cross Sections (and Mass Attenuation Coefficients) for 1 MeV-100 GeV Photons in Elements Z= 1 to 100},
  type = {article},
  volume = {9},
  year = {1980},
}

@inproceedings{baca2016embedded,
  address = {Miedzyzdroje, Poland},
  author = {\textbf{T. Baca} and G. Loianno and M. Saska},
  booktitle = {2016 IEEE International Conference on Methods and Models in Automation and Robotics (MMAR)},
  doi = {10.1109/MMAR.2016.7575273},
  keywords = {mine, phd, related, conference},
  language = {English},
  title = {{Embedded Model Predictive Control of Unmanned Micro Aerial Vehicles}},
  type = {inproceedings},
  year = {2016},
}

@article{daniel2019commisioning,
  author = {V. Daniel and A. Inneman and I. Vertat and \textbf{T. Baca} and O. Nentvich and M. Urban and V. Stehlikova and L. Sieger and P. Skala and R. Filgas and V. Zadrazil and R. Linhart and J. Masopust and T. Jamroz and L. Pina and V. Marsikova and L. Mikulickova and E. Belas and S. Pospisil and Z. Vykydal and Y. Mora and R. Pavlica},
  doi = {10.1007/s11214-019-0589-7},
  issn = {1572--9672},
  journal = {Space Science Reviews},
  keywords = {mine, phd, unrelated, journal, if, timepix},
  month = {Jul},
  number = {5},
  pages = {40},
  title = {{In-Orbit Commissioning of Czech Nanosatellite VZLUSAT-1 for the QB50 Mission with a Demonstrator of a Miniaturised Lobster-Eye X-Ray Telescope and Radiation Shielding Composite Materials}},
  type = {article},
  url = {https://doi.org/10.1007/s11214-019-0589-7},
  volume = {215},
  year = {2019},
}

@article{baca2018vzlusat,
  author = {\textbf{T. Baca} and M. Jilek and I. Vertat and M. Urban and O. Nentvich and R. Filgas and C. Granja and A. Inneman and V. Daniel},
  journal = {Journal of Instrumentation},
  keywords = {mine, phd, unrelated, journal, if, timepix},
  number = {11},
  pages = {C11010},
  title = {{Timepix in LEO Orbit onboard the VZLUSAT-1 Nanosatellite: 1-year of Space Radiation Dosimetry Measurements}},
  type = {article},
  url = {http://stacks.iop.org/1748-0221/13/i=11/a=C11010},
  volume = {13},
  year = {2018},
}

@inproceedings{Chudoba14:224905,
  address = {Danvers},
  author = {Chudoba, J. and Saska, M. and Baca, T. and Preucil, L.},
  booktitle = {2014 IEEE International Conference on Unmanned Aircraft Systems (ICUAS)},
  isbn = {978-1-4799-2376-2},
  keywords = {mine},
  language = {English},
  pages = {611--616},
  publisher = {IEEE Computer society},
  title = {Localization and stabilization of micro aerial vehicles based on visual features tracking},
  type = {inproceedings},
  url = {http://ieeexplore.ieee.org/stamp/stamp.jsp?tp=\&arnumber=6842304},
  volume = {1},
  year = {2014},
}

@article{baca2018rospix,
  author = {\textbf{T. Baca} and D. Turecek and R. McEntaffer and R. Filgas},
  journal = {Journal of Instrumentation},
  keywords = {mine, phd, related, journal, if, timepix},
  number = {11},
  pages = {C11008},
  title = {{Rospix: modular software tool for automated data acquisitions of Timepix detectors on Robot Operating System}},
  type = {article},
  url = {http://stacks.iop.org/1748-0221/13/i=11/a=C11008},
  volume = {13},
  year = {2018},
}

@article{fornalski2018simple,
  author = {Fornalski, Krzysztof W},
  journal = {Journal of Physics Communications},
  number = {3},
  pages = {035038},
  publisher = {IOP Publishing},
  title = {Simple empirical correction functions to cross sections of the photoelectric effect, Compton scattering, pair and triplet production for carbon radiation shields for intermediate and high photon energies},
  type = {article},
  volume = {2},
  year = {2018},
}

@inproceedings{baca2017ecmr,
  author = {\textbf{T. Baca} and P. Stepan and M. Saska},
  booktitle = {2017 IEEE The European Conference on Mobile Robotics (ECMR)},
  keywords = {mine, phd, related, conference},
  organization = {IEEE},
  title = {{Autonomous Landing On A Moving Car With Unmanned Aerial Vehicle}},
  type = {inproceedings},
  year = {2017},
}

@article{loianno2018grasping,
  author = {G. Loianno and V. Spurny and \textbf{T. Baca} and J. Thomas and D. Thakur and D. Hert and R. Penicka and T. Krajnik and A. Zhou and A. Cho and M. Saska and V. Kumar},
  issue = {3},
  journal = {IEEE Robotics and Automation Letters},
  keywords = {mine, phd, related, journal, cs},
  pages = {1576--1583},
  title = {{Localization, Grasping, and Transportation of Magnetic Objects by a team of MAVs in Challenging Desert like Environments}},
  type = {article},
  url = {http://ieeexplore.ieee.org/document/8276269/},
  volume = {3},
  year = {2018},
}

@article{baca2016vzlusat,
  author = {T. Baca and M. Platkevic and J. Jakubek and A. Inneman and V. Stehlikova and M. Urban and O. Nentvich and M. Blazek and R. McEntaffer and V. Daniel},
  journal = {Journal of Instrumentation},
  keywords = {mine, phd, unrelated, journal, if, timepix},
  number = {10},
  pages = {C10007},
  title = {Miniaturized X-ray telescope for VZLUSAT-1 nanosatellite with Timepix detector},
  type = {article},
  url = {http://stacks.iop.org/1748-0221/11/i=10/a=C10007},
  volume = {11},
  year = {2016},
}

@inproceedings{spurny2016mmar,
  author = {V. Spurny and \textbf{T. Baca} and M. Saska},
  booktitle = {2016 IEEE International Conference on Methods and Models in Automation and Robotics (MMAR)},
  doi = {10.1109/MMAR.2016.7575274},
  keywords = {mine, phd, unrelated, conference},
  month = {Aug},
  pages = {998-1003},
  title = {{Complex manoeuvres of heterogeneous MAV-UGV formations using a model predictive control}},
  type = {inproceedings},
  url = {http://ieeexplore.ieee.org/document/7575274/},
  year = {2016},
}

