@inproceedings{feng2020packages,
  author = {Feng, Kai and Li, Weixing and Ge, Shengyang and Pan, Feng},
  booktitle = {2020 Chinese Control And Decision Conference (CCDC)},
  organization = {IEEE},
  pages = {2094--2099},
  title = {Packages delivery based on marker detection for UAVs},
  type = {inproceedings},
  year = {2020},
}

@inproceedings{baca2017autonomous,
  addendum = {{\textbf{33\% contribution, citations: 6 in WoS, 12 in Scopus, 45 in GS}}},
  author = {Baca, T. and Stepan, P. and Saska, M.},
  booktitle = {{IEEE European Conference on Mobile Robotics (ECMR)}},
  keywords = {mine, phd_related, conference},
  organization = {IEEE},
  title = {{Autonomous Landing On A Moving Car With Unmanned Aerial Vehicle}},
  type = {inproceedings},
  year = {2017},
}

@article{kratky2020autonomous2,
  addendum = {{\textbf{25\% contribution}}},
  author = {Kratky, Vit and Petracek, Pavel and Baca, Tomas and Saska, Martin},
  journal = {{Submitted to Journal of Field Robotics}},
  keywords = {mine, phd_related, journal, submitted},
  note = {Available~online:~\url{http://mrs.felk.cvut.cz/data/papers/darpa\_urban.pdf}},
  title = {{An Autonomous Unmanned Aerial Vehicle System for Fast Exploration of Large Complex Indoor Environments}},
  type = {article},
  year = {2020},
}

@article{urban2020hodoscope,
  author = {Urban, Ondrej and Vavroch, Ondrej and Polacek, Libor and Georgiev, Vjaceslav and Burian, Petr and Turjanica, Pavel and Fiala, Pavel and Broulim, Pavel and Bergmann, Benedikt},
  journal = {Nuclear Instruments and Methods in Physics Research Section A: Accelerators, Spectrometers, Detectors and Associated Equipment},
  keywords = {timepix},
  pages = {164462},
  publisher = {Elsevier},
  title = {{Hodoscope with Timepix detectors for PilsenCube2 cubesat}},
  type = {article},
  volume = {980},
  year = {2020},
}

@inproceedings{chen2016system,
  author = {Chen, Xudong and Phang, Swee King and Shan, Mo and Chen, Ben M},
  booktitle = {12th International Conference on Control and Automation (ICCA)},
  keywords = {uav, control},
  organization = {IEEE},
  pages = {761--766},
  title = {{System integration of a vision-guided UAV for autonomous landing on moving platform}},
  type = {inproceedings},
  year = {2016},
}

@article{kratky2020autonomous,
  author = {Kratky, V and Petracek, P and Spurny, V and Saska, M},
  doi = {10.1109/LRA.2020.2970646},
  journal = {IEEE Robotics and Automation Letters},
  month = {4},
  number = {2},
  pages = {2302-2309},
  title = {Autonomous Reflectance Transformation Imaging by a Team of Unmanned Aerial Vehicles},
  type = {article},
  volume = {5},
  year = {2020},
}

@inproceedings{augugliaro2013building,
  author = {Augugliaro, Federico and Mirjan, Ammar and Gramazio, Fabio and Kohler, Matthias and D'Andrea, Raffaello},
  booktitle = {2013 IEEE/RSJ International Conference on Intelligent Robots and Systems (ICRA)},
  organization = {IEEE},
  pages = {3487--3492},
  title = {{Building tensile structures with flying machines}},
  type = {inproceedings},
  year = {2013},
}

@inproceedings{quigley2009ros,
  author = {Quigley, Morgan and Conley, Ken and Gerkey, Brian and Faust, Josh and Foote, Tully and Leibs, Jeremy and Wheeler, Rob and Ng, Andrew Y},
  booktitle = {ICRA workshop on open source software},
  number = {3.2},
  organization = {Kobe, Japan},
  pages = {5},
  title = {ROS: an open-source Robot Operating System},
  type = {inproceedings},
  volume = {3},
  year = {2009},
}

@article{ramirez2020fuzzy,
  author = {Ramirez-Mendoza, A. and Covarrubias-Fabela, J and Amezquita-Brooks, Luis and Garcia Salazar, Octavio and Ramirez-Mendoza, W},
  doi = {10.1007/s10846-020-01198-w},
  journal = {Journal of Intelligent \& Robotic Systems},
  month = {06},
  pages = {380-393},
  title = {{Fuzzy Adaptive Neurons Applied to the Identification of Parameters and Trajectory Tracking Control of a Multi-Rotor Unmanned Aerial Vehicle Based on Experimental Aerodynamic Data}},
  type = {article},
  year = {2020},
}

@article{augugliaro2014flight,
  author = {Augugliaro, Frederico and Lupashin, Sergei and Hamer, Michael and Male, Cason and Hehn, Markus and Mueller, Mark W and Willmann, Jan Sebastian and Gramazio, Fabio and Kohler, Matthias and D'Andrea, Raffaello},
  journal = {IEEE Control Systems Magazine},
  number = {4},
  pages = {46--64},
  publisher = {IEEE},
  title = {The flight assembled architecture installation: Cooperative construction with flying machines},
  type = {article},
  volume = {34},
  year = {2014},
}

@article{baca2016miniaturized,
  addendum = {{\textbf{52\% contribution, IF 1.366 (Q3 in Instruments \& Instrumentation), citations: 32 in WoS, 38 in Scopus, 42 in GS}}},
  author = {Baca, T. and Platkevic, M. and Jakubek, J. and Inneman, A. and Stehlikova, V. and Urban, M. and Nentvich, O. and Blazek, M. and McEntaffer, R. and Daniel, V.},
  journal = {Journal of Instrumentation},
  keywords = {mine, phd_unrelated, journal},
  number = {10},
  pages = {C10007},
  title = {{Miniaturized X-ray telescope for VZLUSAT-1 nanosatellite with Timepix detector}},
  type = {article},
  url = {http://stacks.iop.org/1748-0221/11/i=10/a=C10007},
  volume = {11},
  year = {2016},
}

@inproceedings{capitan2009delayed,
  author = {Capitan, Jesus and Merino, Luis and Caballero, Fernando and Ollero, Anibal},
  booktitle = {2009 IEEE International Conference on Robotics and Automation (ICRA)},
  keywords = {uav, sensing},
  organization = {IEEE},
  pages = {3865--3870},
  title = {Delayed-state information filter for cooperative decentralized tracking},
  type = {inproceedings},
  year = {2009},
}

@article{ghommam2017autonomous,
  author = {Ghommam, Jawhar and Saad, Maarouf},
  issue = {3},
  journal = {Transactions on Aerospace and Electronic Systems},
  keywords = {uav, control},
  pages = {1504--1519},
  publisher = {IEEE},
  title = {{Autonomous landing of a quadrotor on a moving platform}},
  type = {article},
  volume = {53},
  year = {2017},
}

@article{turner2015time,
  author = {Turner, Darren and Lucieer, Arko and De Jong, Steven M},
  journal = {Remote Sensing},
  keywords = {uav, sensing},
  number = {2},
  pages = {1736--1757},
  publisher = {Multidisciplinary Digital Publishing Institute},
  title = {{Time series analysis of landslide dynamics using an unmanned aerial vehicle (UAV)}},
  type = {article},
  volume = {7},
  year = {2015},
}

@inproceedings{thomas2014toward,
  author = {Thomas, Justin and Loianno, Giuseppe and Sreenath, Koushil and Kumar, Vijay},
  booktitle = {2014 IEEE International Conference on Robotics and Automation (ICRA)},
  organization = {IEEE},
  pages = {2113--2118},
  title = {Toward image based visual servoing for aerial grasping and perching},
  type = {inproceedings},
  year = {2014},
}

@article{wang2015efficient,
  author = {Wang, Chengliang and Ma, Fei and Yan, Junhui and De, Debraj and Das, Sajal K},
  journal = {International Journal of Distributed Sensor Networks},
  keywords = {uav, sensing, multirobot},
  number = {11},
  pages = {286080},
  publisher = {SAGE Publications Sage UK: London, England},
  title = {Efficient aerial data collection with uav in large-scale wireless sensor networks},
  type = {article},
  volume = {11},
  year = {2015},
}

@article{stoffle2015timepix,
  author = {Stoffle, Nicholas and Pinsky, Lawrence and Kroupa, Martin and Hoang, Son and Idarraga, John and Amberboy, Clif and Rios, Ryan and Hauss, Jessica and Keller, John and Bahadori, Amir and others},
  journal = {Nuclear Instruments and Methods in Physics Research Section A: Accelerators, Spectrometers, Detectors and Associated Equipment},
  keywords = {timepix},
  pages = {143--148},
  publisher = {Elsevier},
  title = {{Timepix-based radiation environment monitor measurements aboard the International Space Station}},
  type = {article},
  volume = {782},
  year = {2015},
}

@book{rossiter2003model,
  author = {Rossiter, J Anthony},
  keywords = {control},
  publisher = {CRC press},
  title = {Model-based predictive control: a practical approach},
  type = {book},
  year = {2003},
}

@article{6290694,
  author = {Tomic, T. and Schmid, K. and Lutz, P. and Domel, A. and Kassecker, M. and Mair, E. and Grixa, I. L. and Ruess, F. and Suppa, M. and Burschka, D.},
  journal = {IEEE Robotics and Automation Magazine},
  number = {3},
  pages = {46-56},
  title = {{Toward a Fully Autonomous UAV: Research Platform for Indoor and Outdoor Urban Search and Rescue}},
  type = {article},
  volume = {19},
  year = {2012},
}

@article{rodriguez2020explicit,
  author = {Rodriguez de Cos, Carlos and Acosta, Jose Angel},
  doi = {10.1115/1.4047388},
  issn = {1555-1415},
  journal = {Journal of Computational and Nonlinear Dynamics},
  month = {06},
  number = {8},
  title = {{Explicit Aerodynamic Model Characterization of a Multirotor Unmanned Aerial Vehicle in Quasi-Steady Flight}},
  type = {article},
  url = {https://doi.org/10.1115/1.4047388},
  volume = {15},
  year = {2020},
}

@inproceedings{fu2016autonomous,
  author = {Fu, Mengyin and Zhang, Kuan and Yi, Yang and Shi, Chao},
  booktitle = {International Conference on Mechatronics and Automation (ICMA)},
  keywords = {uav, control},
  organization = {IEEE},
  pages = {988--993},
  title = {{Autonomous landing of a quadrotor on an UGV}},
  type = {inproceedings},
  year = {2016},
}

@article{turecek2011pixelman,
  author = {Turecek, D and Holy, T and Jakubek, J and Pospisil, S and Vykydal, Z},
  journal = {Journal of Instrumentation},
  keywords = {timepix},
  number = {01},
  pages = {C01046},
  publisher = {IOP Publishing},
  title = {Pixelman: a multi-platform data acquisition and processing software package for Medipix2, Timepix and Medipix3 detectors},
  type = {article},
  volume = {6},
  year = {2011},
}

@article{giernacki2019realtime,
  addendum = {{\textbf{25\% contribution, IF 3.031 (Q1 in Robotics), citations: 1 in WoS, 2 in Scopus, 13 in GS}}},
  author = {Giernacki, W. and Horla, D. and Baca, T. and Saska, M.},
  doi = {10.3390/s19020312},
  journal = {Sensors},
  keywords = {mine, phd_related, journal},
  number = {2},
  pages = {312},
  publisher = {Multidisciplinary Digital Publishing Institute},
  title = {{Real-time model-free minimum-seeking autotuning method for unmanned aerial vehicle controllers based on fibonacci-search algorithm}},
  type = {article},
  url = {https://www.mdpi.com/1424-8220/19/2/312},
  volume = {19},
  year = {2019},
}

@article{granja2016satram,
  author = {Granja, Carlos and Polansky, Stepan and Vykydal, Zdenek and others},
  journal = {Planetary and Space Science},
  pages = {114--129},
  publisher = {Elsevier},
  title = {{The SATRAM Timepix spacecraft payload in open space on board the Proba-V satellite for wide range radiation monitoring in LEO orbit}},
  type = {article},
  volume = {125},
  year = {2016},
}

@inproceedings{daniel2016terrestrial,
  addendum = {{\textbf{11\% contribution, citations: 13 in WoS, 18 in Scopus, 14 in GS}}},
  address = {San Diego, California, United States},
  author = {Daniel, V. and Pina, L. and Inneman, A. and Zadrazil, V. and Baca, T. and Platkevic, M. and Stehlikova, V. and Nentvich, O. and Urban, M.},
  booktitle = {{SPIE: CubeSats and NanoSats for Remote Sensing}},
  doi = {10.1117/12.2240299},
  keywords = {mine, conference, phd_unrelated},
  language = {English},
  title = {{Terrestrial gamma-ray flashes monitor demonstrator on CubeSat}},
  type = {inproceedings},
  url = {http://proceedings.spiedigitallibrary.org/proceeding.aspx?articleid=2555713},
  year = {2016},
}

@book{leo2012techniques,
  author = {Leo, William R},
  keywords = {radiation},
  publisher = {{Springer Science \& Business Media}},
  title = {Techniques for nuclear and particle physics experiments: a how-to approach},
  type = {book},
  year = {2012},
}

@inproceedings{llopart2001medipix2,
  author = {Llopart, X and Campbell, M and San Segundo, D and Pernigotti, E and Dinapoli, R},
  booktitle = {Nuclear Science Symposium Conference (NSSC)},
  keywords = {timepix},
  organization = {IEEE},
  pages = {1484--1488},
  title = {{Medipix2, a 64k pixel read out chip with 55/spl mu/m square elements working in single photon counting mode}},
  type = {inproceedings},
  volume = {3},
  year = {2001},
}

@inproceedings{saska2013adhoc,
  addendum = {{\textbf{25\% contribution, citations: 0 in WoS, 0 in Scopus, 2 in GS}}},
  address = {Piscataway},
  author = {Saska, M. and Vonasek, V. and Baca, T. and Preucil, L.},
  booktitle = {{2013 IEEE/RSJ International Conference on Intelligent Robots and Systems (IROS)}},
  keywords = {mine, conference},
  language = {English},
  publisher = {IEEE},
  title = {{Ad-hoc Heterogeneous (MAV-UGV) Formations Stabilized Under a Top-View Relative Localization}},
  type = {inproceedings},
  year = {2013},
}

@article{granja2018directional,
  author = {Granja, Carlos and Kudela, Karel and Jakubek, Jan and Krist, Pavel and Chvatil, David and Stursa, Jan and Polansky, Stepan},
  issue = {11},
  journal = {Nuclear Instruments and Methods in Physics Research Section A: Accelerators, Spectrometers, Detectors and Associated Equipment},
  pages = {142--152},
  publisher = {Elsevier},
  title = {{Directional detection of charged particles and cosmic rays with the miniaturized radiation camera MiniPIX Timepix}},
  type = {article},
  volume = {911},
  year = {2018},
}

@article{tirz2014onboard,
  author = {Ritz, Robin and D'Andrea, Raffaello},
  keywords = {uav, control},
  organization = {IEEE},
  publisher = {{IEEE International Conference on Robotics \& Automation (ICRA)}},
  title = {{An On-Board Learning Scheme for Open-Loop Quadrocopter Maneuvers Using Inertial Sensors and Control Inputs from an External Pilot}},
  type = {article},
  year = {2014},
}

@article{nagatani2013emergency,
  author = {Nagatani, Keiji and Kiribayashi, Seiga and Okada, Yoshito and Otake, Kazuki and Yoshida, Kazuya and Tadokoro, Satoshi and Nishimura, Takeshi and Yoshida, Tomoaki and Koyanagi, Eiji and Fukushima, Mineo and others},
  journal = {Journal of Field Robotics},
  number = {1},
  pages = {44--63},
  publisher = {Wiley Online Library},
  title = {{Emergency response to the nuclear accident at the Fukushima Daiichi Nuclear Power Plants using mobile rescue robots}},
  type = {article},
  volume = {30},
  year = {2013},
}

@article{herisse2012landing,
  author = {B. Herisse and T. Hamel and R. Mahony and F. X. Russotto},
  journal = {Transactions on Robotics},
  keywords = {uav, control},
  number = {1},
  pages = {77--89},
  publisher = {IEEE},
  title = {{Landing a VTOL Unmanned Aerial Vehicle on a Moving Platform Using Optical Flow}},
  type = {article},
  volume = {28},
  year = {2012},
}

@inproceedings{walter2018fast,
  author = {Walter, V. and Saska, M. and Franchi, A.},
  booktitle = {2018 International Conference on Unmanned Aircraft Systems (ICUAS)},
  title = {Fast mutual relative localization of {UAV}s using ultraviolet {LED} markers},
  type = {inproceedings},
  year = {2018},
}

@article{rezaee2013motion,
  author = {Rezaee, Hamed and Abdollahi, Farzaneh},
  journal = {Communications in Nonlinear Science and Numerical Simulation},
  keywords = {uav, control, multirobot},
  number = {3},
  pages = {744--756},
  publisher = {Elsevier},
  title = {Motion synchronization in unmanned aircrafts formation control with communication delays},
  type = {article},
  volume = {18},
  year = {2013},
}

@article{balampanis2017coastal,
  author = {Balampanis, Fotios and Maza, Ivan and Ollero, Anibal},
  journal = {Sensors},
  keywords = {sensing},
  number = {4},
  pages = {808},
  publisher = {Multidisciplinary Digital Publishing Institute},
  title = {{Coastal areas division and coverage with multiple UAVs for remote sensing}},
  type = {article},
  volume = {17},
  year = {2017},
}

@inproceedings{wages2019flight,
  author = {Wages, Mitchell and Hull, Samuel V. and Falcone, Abraham D. and Anderson, Tyler B. and McQuaide, Maria and Bray, Evan and Chattopadhyay, Tanmoy and Burrows, David N. and Buntic, Lazar and McEntaffer, Randall L. and Miles, Drew M. and Tutt, James H. and Schultz, Ted B. and Donovan, Benjamin D. and Hillman, Christopher R. and Yastishock, Daniel},
  booktitle = {UV, X-Ray, and Gamma-Ray Space Instrumentation for Astronomy XXI},
  doi = {10.1117/12.2529361},
  editor = {Oswald H. Siegmund},
  keywords = {X-ray, hybrid CMOS, spectrometer, sounding rocket, X-ray detector},
  organization = {International Society for Optics and Photonics},
  pages = {72--88},
  publisher = {SPIE},
  title = {{Flight camera package design, calibration, and performance for the Water Recovery X-ray Rocket mission}},
  type = {inproceedings},
  url = {https://doi.org/10.1117/12.2529361},
  volume = {11118},
  year = {2019},
}

@incollection{kamel2017model,
  author = {Kamel, Mina and Stastny, Thomas and Alexis, Kostas and Siegwart, Roland},
  booktitle = {Robot Operating System (ROS)},
  keywords = {control, mpc},
  pages = {3--39},
  publisher = {Springer},
  title = {{Model Predictive Control for Trajectory Tracking of Unmanned Aerial Vehicles Using Robot Operating System}},
  type = {incollection},
  year = {2017},
}

@inproceedings{lee2016vision,
  author = {Lee, Hanseob and Jung, Seokwoo and Shim, David Hyunchul},
  booktitle = {International Conference on Unmanned Aircraft Systems (ICUAS)},
  keywords = {uav, control, vision},
  organization = {IEEE},
  pages = {1--7},
  title = {{Vision-based UAV landing on the moving vehicle}},
  type = {inproceedings},
  year = {2016},
}

@article{saulnier2017flocking,
  author = {Saulnier, Kelsey and Saldana, David and Prorok, Amanda and Pappas, George J. and Kumar, Vijay},
  journal = {{IEEE Robotics and Automation Letters}},
  keywords = {swarm},
  number = {2},
  pages = {1039--1046},
  publisher = {IEEE},
  title = {Resilient flocking for mobile robot teams},
  type = {article},
  volume = {2},
  year = {2017},
}

@inproceedings{zhang2014loam,
  author = {Zhang, Ji and Singh, Sanjiv},
  booktitle = {Robotics: Science and Systems},
  number = {9},
  title = {{LOAM: Lidar Odometry and Mapping in Real-time}},
  type = {inproceedings},
  volume = {2},
  year = {2014},
}

@inproceedings{beul2017fast,
  author = {Beul, Marius and Behnke, Sven},
  booktitle = {2017 International Conference on Unmanned Aircraft Systems (ICUAS)},
  organization = {IEEE},
  pages = {408--416},
  title = {Fast full state trajectory generation for multirotors},
  type = {inproceedings},
  year = {2017},
}

@article{mahony2012multirotor,
  author = {Mahony, Robert and Kumar, Vijay and Corke, Peter},
  journal = {IEEE Robotics and Automation magazine},
  keywords = {uav, control},
  number = {32},
  title = {Multirotor aerial vehicles},
  type = {article},
  volume = {20},
  year = {2012},
}

@article{sato2019radiation,
  author = {Sato, Yuki and Terasaka, Yuta and Utsugi, Wataru and Kikuchi, Hiroyuki and Kiyooka, Hideo and Torii, Tatsuo},
  journal = {Journal of Nuclear Science and Technology},
  number = {9-10},
  pages = {801--808},
  publisher = {Taylor \& Francis},
  title = {{Radiation imaging using a compact Compton camera mounted on a crawler robot inside reactor buildings of Fukushima Daiichi Nuclear Power Station}},
  type = {article},
  volume = {56},
  year = {2019},
}

@inproceedings{baca2018model,
  addendum = {{\textbf{60\% contribution, citations: 7 in WoS, 13 in Scopus, 39 in GS}}},
  author = {Baca, T. and Hert, D. and Loianno, G. and Saska, M. and Kumar, V.},
  booktitle = {{2018 IEEE/RSJ International Conference on Intelligent Robots and Systems (IROS)}},
  keywords = {mine, phd_related, conference, core},
  organization = {IEEE},
  pages = {1--8},
  title = {{Model Predictive Trajectory Tracking and Collision Avoidance for Reliable Outdoor Deployment of Unmanned Aerial Vehicles}},
  type = {inproceedings},
  year = {2018},
}

@article{4337970,
  author = {Bouabdallah, S. and Becker, M. and Siegwart, R.},
  journal = {IEEE Robotics \& Automation Magazine},
  number = {3},
  pages = {88-98},
  title = {{Autonomous miniature flying robots: coming soon! - Research, Development, and Results}},
  type = {article},
  volume = {14},
  year = {2007},
}

@article{saikin2020wildfire,
  addendum = {{\textbf{25\% contribution, IF 3.608 (Q1 in Robotics), citations: 0 in WoS, 0 in Scopus, 0 in GS}}},
  author = {Saikin, D. A. and Baca, T. and Gurtner, M. and Saska, M.},
  doi = {10.1109/LRA.2020.2972827},
  journal = {IEEE Robotics and Automation Letters},
  keywords = {mine, phd_related, journal},
  number = {2},
  pages = {2674-2681},
  title = {{Wildfire Fighting by Unmanned Aerial System Exploiting Its Time-Varying Mass}},
  type = {article},
  volume = {5},
  year = {2020},
}

@article{penicka2017dubins,
  author = {Penicka, Robert and Faigl, Jan and Vana, Petr and Saska, Martin},
  journal = {{IEEE Robotics and Automation Letters}},
  number = {2},
  pages = {1210--1217},
  publisher = {IEEE},
  title = {{Dubins orienteering problem}},
  type = {article},
  volume = {2},
  year = {2017},
}

@article{tang2016efficiency,
  author = {Tang, Xiao-Bin and Meng, Jia and Wang, Peng and Cao, Ye and Huang, Xi and Wen, Liang-Sheng and Chen, Da},
  journal = {Applied Radiation and Isotopes},
  keywords = {uav, radiation},
  pages = {100--108},
  publisher = {Elsevier},
  title = {Efficiency calibration and minimum detectable activity concentration of a real-time UAV airborne sensor system with two gamma spectrometers},
  type = {article},
  volume = {110},
  year = {2016},
}

@article{vertat2017earth,
  author = {Vertat, I. and Linhart, R. and Masopust, J. and Vobornik, A. and Dudacek, L.},
  journal = {{Contributions of the Astronomical Observatory Skalnate Pleso}},
  keywords = {vzlusat},
  pages = {157--164},
  title = {{Earth's thermal radiation sensors for attitude determination systems of small satellites}},
  type = {article},
  volume = {47},
  year = {2017},
}

@article{petracek2020bioinspired,
  addendum = {{\textbf{25\% contribution, citations: 0 in WoS, 0 in Scopus, 0 in GS}}},
  author = {Petracek, Pavel and Walter, Viktor and Baca, Tomas and Saska, Martin},
  journal = {{Bioinspiration \& Biomimetics}},
  keywords = {mine, phd_related, journal},
  note = {{Accepted, available~online~\url{http://mrs.felk.cvut.cz/data/papers/BB20swarm.pdf}}},
  title = {{Bio-Inspired Compact Swarms of Micro Aerial Vehicles without Communication and External Localization}},
  type = {article},
  year = {2020},
}

@article{krajnik2014practical,
  author = {Krajnik, Tomas and Nitsche, Matias and Faigl, Jan and Vanek, Petr and Saska, Martin and Preucil, Libor and Duckett, Tom and Mejail, Marta},
  doi = {10.1007/s10846-014-0041-x},
  issn = {0921-0296},
  journal = {Journal of Intelligent \& Robotic Systems},
  keywords = {vision},
  publisher = {Springer Netherlands},
  title = {{A Practical Multirobot Localization System}},
  type = {article},
  year = {2014},
}

@inproceedings{hentout2016survey,
  author = {Hentout, Abdelfetah and Maoudj, Abderraouf and Bouzouia, Brahim},
  booktitle = {2016 8th International Conference on Modelling, Identification and Control (ICMIC)},
  organization = {IEEE},
  pages = {67--72},
  title = {A survey of development frameworks for robotics},
  type = {inproceedings},
  year = {2016},
}

@article{loianno2018localization,
  addendum = {{\textbf{10\% contribution (the first 7 authors contributed equally), IF 3.608 (Q1 in Robotics), citations: 16 in WoS, 23 in Scopus, 51 in GS}}},
  author = {Loianno, Giuseppe and Spurny, Vojtech and Thomas, Justin and Baca, Tomas and Thakur, Dinesh and Hert, Daniel and Penicka, Robert and Krajnik, Tomas and Zhou, Alex and Cho, Adam and Saska, Martin and Kumar, Vijay},
  journal = {IEEE Robotics and Automation Letters},
  keywords = {mine, phd_related, journal, core},
  number = {3},
  pages = {1576--1583},
  publisher = {IEEE},
  title = {{Localization, Grasping, and Transportation of Magnetic Objects by a team of MAVs in Challenging Desert like Environments}},
  type = {article},
  volume = {3},
  year = {2018},
}

@article{pollanen2009radiation,
  author = {Pollanen, Roy and Toivonen, Harri and Perajarvi, Kari and Karhunen, Tero and Ilander, Tarja and Lehtinen, Jukka and Rintala, Kimmo and Katajainen, Tuure and Niemela, Jarkko and Juusela, Marko},
  journal = {Applied radiation and isotopes},
  keywords = {radiation, uav},
  number = {2},
  pages = {340--344},
  publisher = {Elsevier},
  title = {{Radiation surveillance using an unmanned aerial vehicle}},
  type = {article},
  volume = {67},
  year = {2009},
}

@inproceedings{petrlik2019coverage,
  author = {Petrlik, M. and Vonasek, V. and Saska, M.},
  booktitle = {2019 IEEE International Conference on Systems, Man, and Cybernetics (SMC)},
  month = {10},
  title = {Coverage Optimization in the Cooperative Surveillance Task using Multiple Micro Aerial Vehicles},
  type = {inproceedings},
  url = {https://ieeexplore.ieee.org/document/8914330},
  year = {2019},
}

@techreport{ueno2016development,
  author = {Ueno, Ryuichi and Drouin, Pierre-Luc},
  institution = {{'Defence Research and Development Canada --- Ottawa Research': None}},
  title = {{Development of the GEANT4 Simulation for the Compton Gamma-Ray Camera}},
  type = {techreport},
  year = {2016},
}

@inproceedings{roucek2019darpa,
  addendum = {{\textbf{5\% contribution, citations: 0 in WoS, 0 in Scopus, 0 in GS}}},
  author = {Roucek, T. and Pecka, M. and Cizek, P. and Petricek, T. and Bayer, J. and Salansky, V. and Hert, D.  and Petrlik, M. and Baca, T. and Spurny, V. and Pomerleau, F. and Kubelka, V. and Faigl, J. and Zimmermann, K. and Saska, M. and Svoboda, T. and Krajnik, T.},
  booktitle = {IEEE Modelling and Simulation for Autonomous Systems (MESAS)},
  doi = {10.1007/978-3-030-43890-6_22},
  keywords = {mine, conference, phd_related},
  pages = {274--290},
  title = {{DARPA Subterranean Challenge: Multi-robotic exploration of underground environments}},
  type = {inproceedings},
  volume = {11995},
  year = {2019},
}

@inproceedings{deits2015efficient,
  author = {Deits, Robin and Tedrake, Russ},
  booktitle = {International Conference on Robotics and Automation (ICRA)},
  keywords = {uav, planning},
  organization = {IEEE},
  pages = {42--49},
  title = {{Efficient mixed-integer planning for UAVs in cluttered environments}},
  type = {inproceedings},
  year = {2015},
}

@inproceedings{kamel2017robust,
  author = {Kamel, Mina and Alonso-Mora, Javier and Siegwart, Roland and Nieto, Juan},
  booktitle = {{2017 IEEE/RSJ International Conference on Intelligent Robots and Systems (IROS)}},
  keywords = {control, mpc},
  organization = {IEEE},
  pages = {236--243},
  title = {{Robust Collision Avoidance for Multiple Micro Aerial Vehicles Using Nonlinear Model Predictive Control}},
  type = {inproceedings},
  year = {2017},
}

@inproceedings{daniel2017xray,
  addendum = {{\textbf{10\% contribution, citations: 14 in WoS, 15 in Scopus, 9 in GS}}},
  author = {Daniel, V. and Inneman, A. and Pina, L. and Zadrazil, V. and Baca, T. and Stehlikova, V. and Nentvich, O. and Urban, M. and Marsikova, V. and McEntaffer, R. and Tutt, J. and Schulz, T.},
  booktitle = {{EUV and X-Ray Optics: Synergy Between Laboratory And Space V}},
  doi = {10.1117/12.2277515},
  keywords = {mine, conference, phd_unrelated},
  organization = {{SPIE}},
  title = {{X-ray Lobster Eye All-sky Monitor for Rocket Experiment}},
  type = {inproceedings},
  volume = {10235},
  year = {2017},
}

@article{xiao2020xtdrone,
  author = {Xiao, Kun and Tan, Shaochang and Wang, Guohui and An, Xueyan and Wang, Xiang and Wang, Xiangke},
  journal = {arXiv preprint arXiv:2003.09700},
  title = {{XTDrone: A Customizable Multi-Rotor UAVs Simulation Platform}},
  type = {article},
  year = {2020},
}

@inproceedings{ceballos2011genom,
  author = {Ceballos, A and De Silva, Lavindra and Herrb, M and Ingrand, F and Mallet, A and Medina, A and Prieto, M},
  booktitle = {ASTRA},
  pages = {12--14},
  title = {{GenoM as a robotics framework for planetary rover surface operations}},
  type = {inproceedings},
  year = {2011},
}

@article{petrlik2020robust,
  addendum = {{\textbf{16\% contribution, IF 3.608 (Q1 in Robotics), citations: 0 in WoS, 0 in Scopus, 0 in GS}}},
  author = {Petrlik, M. and Baca, T. and Hert, D. and Vrba, M. and Krajnik, T. and Saska, M.},
  doi = {10.1109/LRA.2020.2970980},
  issn = {2169-2176},
  issue = {2},
  journal = {{IEEE Robotics and Automation Letters}},
  keywords = {mine, phd_related, journal},
  month = {4},
  title = {{A Robust UAV System for Operations in a Constrained Environment}},
  type = {article},
  url = {https://ieeexplore.ieee.org/document/8979150},
  volume = {5},
  year = {2020},
}

@article{kumar2012opportunities,
  author = {Kumar, Vijay and Michael, Nathan},
  journal = {The International Journal of Robotics Research},
  number = {11},
  pages = {1279--1291},
  publisher = {SAGE Publications Sage UK: London, England},
  title = {Opportunities and challenges with autonomous micro aerial vehicles},
  type = {article},
  volume = {31},
  year = {2012},
}

@article{baca2020autonomous,
  addendum = {{\textbf{30\% contribution}}},
  author = {Baca, Tomas and Penicka, Robert and Stepan, Petr and Hert, Daniel and Saska, Martin},
  journal = {submitted to Robotics and Autonomous System},
  keywords = {mine, phd_related, mbzirc, submitted, journal},
  title = {{Autonomous Cooperative Wall Building by a Team of Unmanned Aerial Vehicles in the MBZIRC 2020 competition}},
  type = {article},
  year = {2020},
}

@article{bahnemann2019eth,
  author = {Bahnemann, Rik and Pantic, Michael and Popovic, Marija and Schindler, Dominik and Tranzatto, Marco and Kamel, Mina and Grimm, Marius and Widauer, Jakob and Siegwart, Roland and Nieto, Juan},
  journal = {Journal of Field Robotics},
  keywords = {mbzirc},
  number = {1},
  pages = {78--103},
  title = {{The ETH-MAV Team in the MBZ International Robotics Challenge}},
  type = {article},
  volume = {36},
  year = {2019},
}

@article{alejo2014collisionfree,
  author = {Alejo, D. and Cobano, J. A. and Heredia, G. and Ollero, A.},
  journal = {Journal of Intelligent \& Robotic Systems},
  number = {1},
  pages = {783--795},
  title = {{Collision-Free 4D Trajectory Planning in Unmanned Aerial Vehicles for Assembly and Structure Construction}},
  type = {article},
  volume = {73},
  year = {2014},
}

@article{baca2020mrs,
  addendum = {{\textbf{70\% contribution}}},
  author = {Baca, Tomas and Petrlik, Matej and Vrba, Matous and Spurny, Vojtech and Penicka, Robert and Hert, Daniel and Saska, Martin},
  eprint = {2008.08050v2},
  keywords = {mine, phd_related, submitted, journal, core},
  month = {8},
  note = {{submitted to JINT}},
  title = {{The MRS UAV System: Pushing the Frontiers of Reproducible Research, Real-world Deployment, and Education with Autonomous Unmanned Aerial Vehicles}},
  type = {article},
  url = {http://arxiv.org/abs/2008.08050v2},
  year = {2020},
}

@article{urban2020rex,
  addendum = {{\textbf{20\% contribution}}},
  author = {Urban, Martin and Nentvich, Ondrej and Baca, Tomas and Vertat, Ivo and Marsikova, Veronika and Doubravova, Daniela and Daniel, Vladimir and Inneman, Adolf and Tutt, James and McEntaffer, Randall and Pina, Ladislav},
  keywords = {mine, phd_unrelated, submitted, journal},
  note = {submitted to Acta Astronautica},
  title = {{REX: X-ray experiment on~the~Water Recovery Rocket}},
  type = {article},
  year = {2020},
}

@article{berni2009thermal,
  author = {Berni, Jose AJ and Zarco-Tejada, Pablo J and Suarez, Lola and Fereres, Elias},
  journal = {IEEE Transactions on Geoscience and Remote Sensing},
  keywords = {uav, sensing},
  number = {3},
  pages = {722--738},
  publisher = {IEEE},
  title = {{Thermal and Narrowband Multispectral Remote Sensing for Vegetation Monitoring from an Unmanned Aerial Vehicle}},
  type = {article},
  volume = {47},
  year = {2009},
}

@inproceedings{meier2015px4,
  author = {Meier, Lorenz and Honegger, Dominik and Pollefeys, Marc},
  booktitle = {{IEEE International Conference on Robotics and Automation (ICRA)}},
  keywords = {control},
  organization = {IEEE},
  pages = {6235--6240},
  title = {{PX4: A node-based multithreaded open source robotics framework for deeply embedded platforms}},
  type = {inproceedings},
  year = {2015},
}

@inproceedings{fu2014robust,
  author = {Fu, Changhong and Carrio, Adrian and Olivares-Mendez, Miguel A and Suarez-Fernandez, Ramon and Campoy, Pascual},
  booktitle = {International Conference on Robotics and Automation (ICRA)},
  keywords = {uav},
  organization = {IEEE},
  pages = {5441--5446},
  title = {Robust real-time vision-based aircraft tracking from unmanned aerial vehicles},
  type = {inproceedings},
  year = {2014},
}

@article{petracek2020dronument,
  author = {Petracek, P. and Kratky, V. and Saska, M.},
  doi = {10.1109/LRA.2020.2969935},
  issn = {2377-3774},
  journal = {IEEE Robotics and Automation Letters},
  month = {4},
  number = {2},
  pages = {2078-2085},
  title = {Dronument: System for Reliable Deployment of Micro Aerial Vehicles in Dark Areas of Large Historical Monuments},
  type = {article},
  volume = {5},
  year = {2020},
}

@article{poikela2014timepix3,
  author = {Poikela, T and Plosila, J and Westerlund, T and Campbell, M and De Gaspari, M and Llopart, X and Gromov, V and Kluit, R and van Beuzekom, M and Zappon, F and others},
  journal = {Journal of instrumentation},
  number = {05},
  pages = {C05013},
  publisher = {IOP Publishing},
  title = {{Timepix3: a 65K channel hybrid pixel readout chip with simultaneous ToA/ToT and sparse readout}},
  type = {article},
  volume = {9},
  year = {2014},
}

@inproceedings{schillinger2016human,
  author = {Schillinger, Philipp and Kohlbrecher, Stefan and von Stryk, Oskar},
  booktitle = {2016 IEEE International Conference on Robotics and Automation (ICRA)},
  organization = {IEEE},
  pages = {2796--2802},
  title = {Human-robot collaborative high-level control with application to rescue robotics},
  type = {inproceedings},
  year = {2016},
}

@inproceedings{chudoba2014localization,
  addendum = {{\textbf{25\% contribution, citations: 3 in WoS, 7 in Scopus, 30 in GS}}},
  author = {Chudoba, J. and Saska, M. and Baca, T. and Preucil, L.},
  booktitle = {{2014 IEEE International Conference on Unmanned Aircraft Systems (ICUAS)}},
  isbn = {978-1-4799-2376-2},
  keywords = {mine, conference},
  language = {English},
  pages = {611--616},
  publisher = {IEEE},
  title = {{Localization and stabilization of micro aerial vehicles based on visual features tracking}},
  type = {inproceedings},
  url = {http://ieeexplore.ieee.org/stamp/stamp.jsp?tp=\&arnumber=6842304},
  volume = {1},
  year = {2014},
}

@article{davisson1965interaction,
  author = {Davisson, C.},
  journal = {{Alpha-, Beta-, Gamma-ray Spectroscopy}},
  keywords = {radiation},
  number = {1},
  publisher = {North-Holland Publishing Company},
  title = {{Interaction of gamma-radiation with matter}},
  type = {article},
  volume = {1},
  year = {1980},
}

@article{compton1923quantum,
  author = {Compton, Arthur H},
  journal = {Physical review},
  number = {5},
  pages = {483},
  publisher = {APS},
  title = {{A quantum theory of the scattering of X-rays by light elements}},
  type = {article},
  volume = {21},
  year = {1923},
}

@inproceedings{aleotti2015unmanned,
  author = {Aleotti, Jacopo and Micconi, Giorgio and Caselli, Stefano and Benassi, Giacomo and Zambelli, Nicola and Calestani, Davide and Zanichelli, Massimiliano and Bettelli, Manuele and Zappettini, Andrea},
  booktitle = {NSS/MIC},
  keywords = {radiation, uav},
  organization = {IEEE},
  pages = {1--5},
  title = {{Unmanned aerial vehicle equipped with spectroscopic CdZnTe detector for detection and identification of radiological and nuclear material}},
  type = {inproceedings},
  year = {2015},
}

@inproceedings{see2017towards,
  author = {See, Hongze Alex and Ghosh, Satadal and Yakimenko, Oleg},
  booktitle = {International Conference on Unmanned Aircraft Systems (ICUAS)},
  keywords = {uav},
  organization = {IEEE},
  pages = {1378--1384},
  title = {Towards the development of an autonomous interdiction capability for unmanned aerial systems},
  type = {inproceedings},
  year = {2017},
}

@inproceedings{kueng2016lowlatency,
  author = {Kueng, Beat and Mueggler, Elias and Gallego, Guillermo and Scaramuzza, Davide},
  booktitle = {{2016 IEEE/RSJ International Conference on Intelligent Robots and Systems (IROS)}},
  organization = {{IEEE}},
  pages = {16--23},
  title = {Low-latency visual odometry using event-based feature tracks},
  type = {inproceedings},
  year = {2016},
}

@article{baca2018timepix,
  addendum = {{\textbf{60\% contribution, IF 1.366 (Q3 in Instruments \& Instrumentation), citations: 2 in WoS, 8 in Scopus, 11 in GS}}},
  author = {Baca, T. and Jilek, M. and Vertat, I. and Urban, M. and Nentvich, O. and Filgas, R. and Granja, C. and Inneman, A. and Daniel, V.},
  journal = {Journal of Instrumentation},
  keywords = {mine, phd_related, journal, core},
  number = {11},
  pages = {C11010},
  title = {{Timepix in LEO Orbit onboard the VZLUSAT-1 Nanosatellite: 1-year of Space Radiation Dosimetry Measurements}},
  type = {article},
  url = {http://stacks.iop.org/1748-0221/13/i=11/a=C11010},
  volume = {13},
  year = {2018},
}

@inproceedings{sanchez2016aerostack,
  author = {Sanchez-Lopez, J. L. and Suarez Fernandez, R. A. and Bavle, H. and Sampedro, C. and Molina, M. and Pestana, J. and Campoy, P.},
  booktitle = {2016 International Conference on Unmanned Aircraft Systems (ICUAS)},
  pages = {332-341},
  title = {{AEROSTACK: An architecture and open-source software framework for aerial robotics}},
  type = {inproceedings},
  year = {2016},
}

@article{han2013lowcost,
  author = {Han, Jinlu and Xu, Yaojin and Di, Long and Chen, YangQuan},
  journal = {Journal of Intelligent \& Robotic Systems},
  keywords = {uav, radiation},
  number = {1-4},
  pages = {401--410},
  publisher = {Springer},
  title = {{Low-cost multi-UAV technologies for contour mapping of nuclear radiation field}},
  type = {article},
  volume = {70},
  year = {2013},
}

@article{ruggiero2018aerial,
  author = {Ruggiero, Fabio and Lippiello, Vincenzo and Ollero, Anibal},
  journal = {IEEE Robotics and Automation Letters},
  number = {3},
  pages = {1957--1964},
  publisher = {IEEE},
  title = {{Aerial manipulation: A literature review}},
  type = {article},
  volume = {3},
  year = {2018},
}

@article{mohta2018indoor,
  author = {Mohta, Kartik and Watterson, Michael and Mulgaonkar, Yash and Liu, Sikang and Qu, Chao and Makineni, Anurag and Saulnier, Kelsey and Sun, Ke and Zhu, Alex and Delmerico, Jeffrey and others},
  journal = {{Journal of Field Robotics}},
  keywords = {control},
  number = {1},
  pages = {101--120},
  publisher = {Wiley Online Library},
  title = {{Fast, autonomous flight in GPS-denied and cluttered environments}},
  type = {article},
  volume = {35},
  year = {2018},
}

@inproceedings{spurny2016complex,
  addendum = {{\textbf{10\% contribution, citations: 3 in WoS, 7 in Scopus, 44 in GS}}},
  author = {Spurny, V. and Baca, T. and Saska, M.},
  booktitle = {{2016 IEEE International Conference on Methods and Models in Automation and Robotics (MMAR)}},
  doi = {10.1109/MMAR.2016.7575274},
  keywords = {mine, phd_related, conference},
  pages = {998--1003},
  title = {{Complex manoeuvres of heterogeneous MAV-UGV formations using a model predictive control}},
  type = {inproceedings},
  url = {http://ieeexplore.ieee.org/document/7575274/},
  year = {2016},
}

@article{dmytruk2020safe,
  addendum = {{\textbf{20\% contribution}}},
  author = {Dmytruk, Andriy and Nascimento, Tiago and Ahmad, Afzal and Baca, Tomas and Saska, Martin},
  keywords = {mine, phd_related, submitted, journal},
  note = {{submitted to IEEE Robotics and Automation Letters}},
  title = {{Safe Tightly-Constrained UAV Swarming in GNSS-denied Environments}},
  type = {article},
  year = {2020},
}

@article{yuan2015survey,
  author = {Yuan, Chi and Zhang, Youmin and Liu, Zhixiang},
  journal = {Canadian journal of forest research},
  keywords = {sensing},
  number = {7},
  pages = {783--792},
  publisher = {NRC Research Press},
  title = {{A survey on Technologies for Automatic Forest Fire Monitoring, Detection, and Fighting Using Unmanned Aerial Vehicles and Remote Sensing Techniques}},
  type = {article},
  volume = {45},
  year = {2015},
}

@inproceedings{stehlikova2017study,
  author = {Stehlikova, Veronika and Urban, Martin and Nentvich, Ondrej and Inneman, Adolf and Dohring, Thorsten and Probst, Anne-Catherine},
  booktitle = {EUV and X-Ray Optics: Synergy between Laboratory and Space V},
  organization = {International Society for Optics and Photonics},
  pages = {1023505},
  title = {{Study of lobster eye optics with iridium coated X-Ray mirrors for a rocket experiment}},
  type = {inproceedings},
  volume = {10235},
  year = {2017},
}

@article{mastellone2008formation,
  author = {Mastellone, Silvia and Stipanovic, Duvsan M. and Graunke, Christopher R. and Intlekofer, Koji A. and Spong, Mark W.},
  journal = {International Journal of Robotics Research},
  keywords = {control, multirobot},
  number = {1},
  pages = {107--126},
  publisher = {Sage Publications Sage UK: London, England},
  title = {{Formation control and collision avoidance for multi-agent non-holonomic systems: Theory and experiments}},
  type = {article},
  volume = {27},
  year = {2008},
}

@article{labbadi2019robust,
  author = {Labbadi, Moussa and Cherkaoui, Mohamed},
  journal = {Aerospace Science and Technology},
  pages = {105306},
  publisher = {Elsevier},
  title = {{Robust adaptive backstepping fast terminal sliding mode controller for uncertain quadrotor UAV}},
  type = {article},
  volume = {93},
  year = {2019},
}

@inproceedings{baca2016embedded,
  addendum = {{\textbf{80\% contribution, citations: 16 in WoS, 26 in Scopus, 75 in GS}}},
  author = {Baca, Tomas and Loianno, Giuseppe and Saska, Martin},
  booktitle = {{IEEE International Conference on Methods and Models in Automation and Robotics (MMAR)}},
  keywords = {mine, phd_related, conference},
  organization = {IEEE},
  pages = {992--997},
  title = {{Embedded Model Predictive Control of Unmanned Micro Aerial Vehicles}},
  type = {inproceedings},
  year = {2016},
}

@inproceedings{barry2014flying,
  author = {Barry, Andrew J and Jenks, Tim and Majumdar, Anirudha and Lin, Huai-Ti and Ros, Ivo G and Biewener, Andrew A and Tedrake, Russ},
  booktitle = {IEEE International Conference on Robotics and Automation (ICRA)},
  keywords = {uav, control},
  organization = {IEEE},
  pages = {2559--2559},
  title = {Flying between obstacles with an autonomous knife-edge maneuver},
  type = {inproceedings},
  year = {2014},
}

@inproceedings{xu2016towards,
  author = {Xu, Lingyun and Luo, Haibo},
  booktitle = {International Conference on Real-time Computing and Robotics (RCAR)},
  keywords = {uav, control},
  organization = {IEEE},
  pages = {620--628},
  title = {{Towards autonomous tracking and landing on moving target}},
  type = {inproceedings},
  year = {2016},
}

@article{goodarzi2015geometric,
  author = {Goodarzi, Farhad A and Lee, Daewon and Lee, Taeyoung},
  journal = {{Journal of Dynamic Systems, Measurement, and Control}},
  number = {9},
  publisher = {American Society of Mechanical Engineers Digital Collection},
  title = {{Geometric adaptive tracking control of a quadrotor unmanned aerial vehicle on SE(3) for agile maneuvers}},
  type = {article},
  volume = {137},
  year = {2015},
}

@article{stibinger2020localization,
  addendum = {{\textbf{30\% contribution, IF 3.608 (Q1 in Robotics), citations: 0 in WoS, 0 in Scopus, 0 in GS}}},
  author = {Stibinger, P. and Baca, T. and Saska, M.},
  doi = {10.1109/LRA.2020.2978456},
  issn = {2377-3766},
  issue = {2},
  journal = {IEEE Robotics and Automation Letters},
  keywords = {mine, phd_related, journal, core},
  month = {4},
  pages = {3634--3641},
  title = {{Localization of Ionizing Radiation Sources by Cooperating Micro Aerial Vehicles With Pixel Detectors in Real-Time}},
  type = {article},
  url = {https://ieeexplore.ieee.org/document/9024023},
  volume = {5},
  year = {2020},
}

@article{merino2006vision,
  author = {Merino, Luis and Wiklund, Johan and Caballero, Fernando and Moe, Anders and De Dios, Jose Ramiro Martinez and Forssen, P-E and Nordberg, Klas and Ollero, Anibal},
  journal = {IEEE Robotics \& Automation Magazine},
  keywords = {uav, multirobot},
  number = {3},
  pages = {53--62},
  publisher = {IEEE},
  title = {{Vision-based multi-UAV position estimation}},
  type = {article},
  volume = {13},
  year = {2006},
}

@incollection{richter2016polynomial,
  author = {Richter, Charles and Bry, Adam and Roy, Nicholas},
  booktitle = {Robotics Research},
  keywords = {planning, uav},
  pages = {649--666},
  publisher = {Springer},
  title = {Polynomial trajectory planning for aggressive quadrotor flight in dense indoor environments},
  type = {incollection},
  year = {2016},
}

@incollection{nakamura2017vision,
  author = {Nakamura, Takuma and Haviland, Stephen and Bershadsky, Dmitry and Johnson, Eric N},
  booktitle = {AIAA Information Systems-AIAA Infotech Aerospace},
  keywords = {uav, vision},
  pages = {0674},
  title = {Vision Sensor Fusion for Autonomous Landing},
  type = {incollection},
  year = {2017},
}

@article{borowczyk2017autonomous,
  author = {Borowczyk, Alexandre and Nguyen, Duc-Tien and Phu-Van Nguyen, Andre and Nguyen, Dang Quang and Saussie, David and Le Ny, Jerome},
  journal = {Journal of Guidance, Control, and Dynamics},
  keywords = {uav, control},
  pages = {2378--2385},
  publisher = {American Institute of Aeronautics and Astronautics},
  title = {{Autonomous Landing of a Quadcopter on a High-Speed Ground Vehicle}},
  type = {article},
  volume = {40},
  year = {2017},
}

@article{spurny2018cooperative,
  addendum = {{\textbf{22\% contribution, IF 4.345 (Q1 in Robotics), citations: 4 in WoS, 12 in Scopus, 43 in GS}}},
  author = {Spurny, Vojtech and Baca, Tomas and Saska, Martin and Penicka, Robert and Krajnik, Tomas and Thomas, Justin and Thakur, Dinesh and Loianno, Giuseppe and Kumar, Vijay},
  doi = {{10.1002/rob.21816}},
  journal = {{Journal of Field Robotics}},
  keywords = {mine, phd_related, journal},
  number = {{1}},
  pages = {{125-148}},
  title = {{Cooperative Autonomous Search, Grasping and Delivering in a Treasure Hunt Scenario by a Team of UAVs}},
  type = {article},
  volume = {{36}},
  year = {2018},
}

@article{tan2016autonomous,
  author = {Tan, Chun Kiat and Wang, Jianliang and Paw, Yew Chai and Liao, Fang},
  journal = {Transactions on Aerospace and Electronic Systems},
  keywords = {uav, control},
  number = {2},
  organization = {IEEE},
  pages = {891--903},
  title = {{Autonomous ship deck landing of a quadrotor using invariant ellipsoid method}},
  type = {article},
  volume = {52},
  year = {2016},
}

@article{nava2019direct,
  author = {Nava, Gabriele and Sable, Quentin and Tognon, Marco and Pucci, Daniele and Franchi, Antonio},
  journal = {IEEE Robotics and Automation Letters},
  number = {2},
  pages = {331--338},
  publisher = {IEEE},
  title = {{Direct Force Feedback Control and Online Multi-task Optimization for Aerial Manipulators}},
  type = {article},
  volume = {5},
  year = {2019},
}

@inproceedings{hoang2017vision,
  author = {Hoang, Tru and Bayasgalan, Enkhmurun and Wang, Ziyin and Tsechpenakis, Gavriil and Panagou, Dimitra},
  booktitle = {American Control Conference (ACC)},
  keywords = {uav, control, vision},
  organization = {IEEE},
  pages = {5580--5585},
  title = {{Vision-based target tracking and autonomous landing of a quadrotor on a ground vehicle}},
  type = {inproceedings},
  year = {2017},
}

@inproceedings{deits2015computing,
  author = {Deits Robin and Tedrake, Russ},
  booktitle = {Algorithmic Foundations of Robotics XI},
  keywords = {planning},
  pages = {109--124},
  publisher = {Springer},
  title = {Computing large convex regions of obstacle-free space through semidefinite programming},
  type = {inproceedings},
  year = {2015},
}

@article{vrba2019onboard,
  author = {Vrba, M. and Hert, D. and Saska, M.},
  doi = {10.1109/LRA.2019.2927130},
  issn = {2377-3766},
  journal = {IEEE Robotics and Automation Letters},
  month = {10},
  number = {4},
  pages = {3402-3409},
  title = {Onboard Marker-Less Detection and Localization of Non-Cooperating Drones for Their Safe Interception by an Autonomous Aerial System},
  type = {article},
  volume = {4},
  year = {2019},
}

@article{martin2015use,
  author = {Martin, PG and Payton, OD and Fardoulis, JS and Richards, DA and Scott, TB},
  journal = {Journal of environmental radioactivity},
  keywords = {uav, radiation},
  pages = {135--140},
  publisher = {Elsevier},
  title = {The use of unmanned aerial systems for the mapping of legacy uranium mines},
  type = {article},
  volume = {143},
  year = {2015},
}

@book{roussel2019nonlinear,
  author = {Roussel, Marc R},
  publisher = {Morgan \& Claypool Publishers},
  title = {{Nonlinear Dynamics: A hands-on introductory survey}},
  type = {book},
  year = {2019},
}

@article{perks2016advances,
  author = {Perks, Matthew T and Russell, Andrew J and Large, Andrew RG},
  journal = {Hydrology and Earth System Sciences},
  keywords = {sensing},
  number = {10},
  pages = {4005--4015},
  publisher = {Copernicus GmbH},
  title = {{Advances in flash flood monitoring using unmanned aerial vehicles (UAVs)}},
  type = {article},
  volume = {20},
  year = {2016},
}

@inproceedings{walter2017selflocalization,
  author = { Walter, V. and Novak, T. and Saska, M.},
  booktitle = {Modelling and Simulation for Autonomous Systems (MESAS)},
  title = {Self-Localization of Unmanned Aerial Vehicles using Onboard Sensors, with focus on Optical Flow from Camera Image},
  type = {inproceedings},
  year = {2017},
}

@article{sanada2015aerial,
  author = {Sanada, Yukihisa and Torii, Tatsuo},
  journal = {Journal of environmental radioactivity},
  keywords = {uav, radiation},
  pages = {294--299},
  publisher = {Elsevier},
  title = {{Aerial Radiation Monitoring Around the Fukushima Dai-ichi Nuclear Power Plant Using an Unmanned Helicopter}},
  type = {article},
  volume = {139},
  year = {2015},
}

@article{soukup20113d,
  author = {Soukup, P and Jakubek, J and Vykydal, Z},
  journal = {Journal of Instrumentation},
  keywords = {timepix},
  number = {01},
  pages = {C01060},
  publisher = {IOP Publishing},
  title = {{3D sensitive voxel detector of ionizing radiation based on Timepix device}},
  type = {article},
  volume = {6},
  year = {2011},
}

@inproceedings{saska2017documentation,
  addendum = {{\textbf{25\% contribution, citations: 7 in WoS, 10 in Scopus, 38 in GS}}},
  author = {Saska, Martin and Kratky, Vit and Spurny, Vojtech and Baca, Tomas},
  booktitle = {{IEEE International Conference on Emerging Technologies and Factory Automation (ETFA)}},
  keywords = {mine, phd_related, conference},
  publisher = {IEEE},
  title = {{Documentation of dark areas of large historical buildings by a formation of unmanned aerial vehicles using model predictive control}},
  type = {inproceedings},
  year = {2017},
}

@article{diebel2006representing,
  author = {Diebel, James},
  journal = {Matrix},
  number = {15-16},
  pages = {1--35},
  title = {{Representing attitude: Euler angles, unit quaternions, and rotation vectors}},
  type = {article},
  volume = {58},
  year = {2006},
}

@article{hubbell1980pair,
  author = {Hubbell, J. H. and Gimm, Heinz Albert and Overbo, I.},
  journal = {Journal of physical and chemical reference data},
  keywords = {radiation},
  number = {4},
  pages = {1023--1148},
  publisher = {NIST},
  title = {{Pair, Triplet, and Total Atomic Cross Sections (and Mass Attenuation Coefficients) for 1 MeV-100 GeV Photons in Elements Z= 1 to 100}},
  type = {article},
  volume = {9},
  year = {1980},
}

@article{llopart2007timepix,
  author = {Llopart, Xavier and Ballabriga, Rafael and Campbell, Michael and others},
  journal = {{Nuclear Instruments and Methods}},
  keywords = {timepix},
  number = {1--2},
  pages = {485--494},
  publisher = {Elsevier},
  title = {{Timepix, a 65k programmable pixel readout chip for arrival time, energy and/or photon counting measurements}},
  type = {article},
  volume = {581},
  year = {2007},
}

@inproceedings{loianno2015mapping,
  author = {Loianno, Giuseppe and Thomas, Justin and Kumar, Vijay},
  booktitle = {{IEEE International Conference on Robotics and Automation (ICRA)}},
  keywords = {multirobot},
  publisher = {IEEE},
  title = {{Cooperative localization and mapping of MAVs using RGB-D sensors}},
  type = {inproceedings},
  year = {2015},
}

@inproceedings{augugliaro2013building,
  author = {Augugliaro, Federico and Mirjan, Ammar and Gramazio, Fabio and Kohler, Matthias and D'Andrea, Raffaello},
  booktitle = {2013 IEEE/RSJ International Conference on Intelligent Robots and Systems (IROS)},
  keywords = {uav, building},
  organization = {IEEE},
  pages = {3487--3492},
  title = {Building tensile structures with flying machines},
  type = {inproceedings},
  year = {2013},
}

@incollection{mellado2013mavwork,
  author = {Mellado-Bataller, Ignacio and Pestana, Jesus and Olivares-Mendez, Miguel A and Campoy, Pascual and Mejias, Luis},
  booktitle = {Frontiers of Intelligent Autonomous Systems},
  pages = {165--179},
  publisher = {Springer},
  title = {{MAVwork: a framework for unified interfacing between micro aerial vehicles and visual controllers}},
  type = {incollection},
  year = {2013},
}

@article{maza2011experimental,
  author = {Maza, Ivan and Caballero, Fernando and Capitan, Jesus and Martinez-de-Dios, Jose Ramiro and Ollero, Anibal},
  journal = {Journal of intelligent \& robotic systems},
  keywords = {uav, multirobot},
  number = {1},
  pages = {563--585},
  publisher = {Springer},
  title = {{Experimental results in multi-UAV coordination for disaster management and civil security applications}},
  type = {article},
  volume = {61},
  year = {2011},
}

@article{baca2019autonomous,
  addendum = {{\textbf{50\% contribution, IF 4.345 (Q1 in Robotics), citations: 4 in WoS, 18 in Scopus, 27 in GS}}},
  author = {Baca, T. and Stepan, P. and Spurny, B. and Hert, D. and Penicka, R. and Saska, M. and Thomas, J. and Loianno, G. and Kumar, V.},
  doi = {10.1002/rob.21858},
  issue = {5},
  journal = {{Journal of Field Robotics}},
  keywords = {mine, phd_related, journal, core},
  pages = {874--891},
  title = {{Autonomous Landing on a Moving Vehicle with an Unmanned Aerial Vehicle}},
  type = {article},
  url = {https://onlinelibrary.wiley.com/doi/abs/10.1002/rob.21858},
  volume = {36},
  year = {2019},
}

@article{spurny2020autonomous,
  addendum = {{\textbf{20\% contribution}}},
  author = {Spurny, Vojtech and Pritzl, Vaclav and Petrlik, Matej and Baca, Tomas and Stepan, Petr and Zaitlik, David and Saska, Martin},
  journal = {submitted to IEEE Transactions on Systems, Man, and Cybernetics},
  keywords = {mine, phd_related, journal, mbzirc, submitted},
  title = {{Autonomous Firefighting Inside Buildings by an Unmanned Aerial Vehicle}},
  type = {article},
  year = {2020},
}

@article{schmidt1975proposed,
  author = {Schmidt, WKH},
  journal = {Nuclear Instruments and Methods},
  number = {2},
  pages = {285--292},
  publisher = {Elsevier},
  title = {{A proposed X-Ray focusing device with wide field of view for use in X-ray astronomy}},
  type = {article},
  volume = {127},
  year = {1975},
}

@article{jiang2016prototype,
  author = {Jiang, Jianyong and Shimazoe, Kenji and Nakamura, Yasuaki and Takahashi, Hiroyuki and Shikaze, Yoshiaki and Nishizawa, Yukiyasu and Yoshida, Mami and Sanada, Yukihisa and Torii, Tatsuo and Yoshino, Masao and others},
  journal = {Journal of Nuclear Science and Technology},
  number = {7},
  pages = {1067--1075},
  publisher = {Taylor \& Francis},
  title = {{A prototype of aerial radiation monitoring system using an unmanned helicopter mounting a GAGG scintillator Compton camera}},
  type = {article},
  volume = {53},
  year = {2016},
}

@inproceedings{beul2020visually,
  author = {Beul, Marius and Bultmann, Simon and Rochow, Andre and Rosu, Radu and Schleich, Daniel and Splietker, Malte and Behnke, Sven},
  booktitle = {IEEE International Symposium on Safety, Security, and Rescue Robotics (SSRR)},
  keywords = {mbzirc},
  month = {11},
  title = {{Visually Guided Balloon Popping with an Autonomous MAV at MBZIRC 2020}},
  type = {inproceedings},
  year = {2020},
}

@article{li2018use,
  author = {Li, Bai and Zhu, Yi and Wang, Zhanyong and Li, Chao and Peng, Zhong-Ren and Ge, Lixin},
  journal = {Remote Sensing},
  number = {5},
  pages = {728},
  publisher = {Multidisciplinary Digital Publishing Institute},
  title = {Use of multi-rotor unmanned aerial vehicles for radioactive source search},
  type = {article},
  volume = {10},
  year = {2018},
}

@article{inigo2012robotics,
  author = {Inigo-Blasco, Pablo and Diaz-del-Rio, Fernando and Romero-Ternero, Ma Carmen and Cagigas-Muniz, Daniel and Vicente-Diaz, Saturnino},
  journal = {Robotics and Autonomous Systems},
  number = {6},
  pages = {803--821},
  publisher = {Elsevier},
  title = {{Robotics software frameworks for multi-agent robotic systems development}},
  type = {article},
  volume = {60},
  year = {2012},
}

@inproceedings{barry2012safety,
  author = {Barry, Andrew J and Majumdar, Anirudha and Tedrake, Russ},
  booktitle = {International Conference on Robotics and Automation (ICRA)},
  keywords = {uav, planning},
  organization = {IEEE},
  pages = {484--490},
  title = {{Safety verification of reactive controllers for UAV flight in cluttered environments using barrier certificates}},
  type = {inproceedings},
  year = {2012},
}

@article{walter2020extinguishing,
  addendum = {{\textbf{20\% contribution}}},
  author = {Walter, Viktor and Spurny, Vojtech and Petrlik, Matej and Baca, Tomas and Zaitlik, David and Saska, Martin},
  keywords = {mine, phd_related, submitted, journal, mbzirc},
  note = {{submitted to IEEE Robotics and Automation Letters}},
  title = {{Extinguishing of Ground Fires by Fully Autonomous UAVs motivated by the MBZIRC 2020 Competition}},
  type = {article},
  year = {2020},
}

@inproceedings{munoz2015assembly,
  author = {Munoz-Morera, Jorge and Maza, Ivan and Fernandez-Aguera, Carmelo J and Caballero, Fernando and Ollero, Anibal},
  booktitle = {2015 International Conference on Unmanned Aircraft Systems (ICUAS)},
  organization = {IEEE},
  pages = {1049--1058},
  title = {{Assembly planning for the construction of structures with multiple UAS equipped with robotic arms}},
  type = {inproceedings},
  year = {2015},
}

@book{markley2014fundamentals,
  author = {Markley, F Landis and Crassidis, John L},
  pages = {361--364},
  publisher = {Springer},
  title = {Fundamentals of Spacecraft Attitude Determination and Control},
  type = {book},
  year = {2014},
}

@inproceedings{gao2018online,
  author = {Gao, Fei and Wu, William and Lin, Yi and Shen, Shaojie},
  booktitle = {2018 IEEE International Conference on Robotics and Automation (ICRA)},
  keywords = {trajectory generation},
  organization = {IEEE},
  pages = {344--351},
  title = {Online safe trajectory generation for quadrotors using fast marching method and bernstein basis polynomial},
  type = {inproceedings},
  year = {2018},
}

@article{burkle2011towards,
  author = {Burkle, Axel and Segor, Florian and Kollmann, Matthias},
  journal = {Journal of intelligent \& robotic systems},
  keywords = {uav, multirobot},
  number = {1-4},
  pages = {339--353},
  publisher = {Springer},
  title = {{Towards autonomous micro UAV swarms}},
  type = {article},
  volume = {61},
  year = {2011},
}

@incollection{sun2014distributed,
  author = {Sun, Liang and Baek, Stanley and Pack, Daniel},
  booktitle = {Human Behavior Understanding in Networked Sensing},
  pages = {301--319},
  publisher = {Springer},
  title = {Distributed probabilistic search and tracking of agile mobile ground targets using a network of unmanned aerial vehicles},
  type = {incollection},
  year = {2014},
}

@article{colomina2014unmanned,
  author = {Colomina, Ismael and Molina, Pere},
  journal = {ISPRS Journal of Photogrammetry and Remote Sensing},
  keywords = {uav, sensing},
  pages = {79--97},
  publisher = {Elsevier},
  title = {{Unmanned aerial systems for photogrammetry and remote sensing: A review}},
  type = {article},
  volume = {92},
  year = {2014},
}

@article{ahmad2020autonomous,
  addendum = {{\textbf{15\% contribution}}},
  author = {Ahmad, Afzal and Walter, Viktor and Petracek, Pavel and Petrlik, Matej and Baca, Tomas and Zaitlik, David and Saska, Martin},
  keywords = {mine, phd_related, submitted, journal},
  note = {{submitted to IEEE Robotics and Automation Letters}},
  title = {{Autonomous Aerial Swarm in a Complex Environment without GNSS and without Communication}},
  type = {article},
  year = {2020},
}

@article{qin2018vins,
  author = {Qin, Tong and Li, Peiliang and Shen, Shaojie},
  journal = {IEEE Transactions on Robotics},
  number = {4},
  pages = {1004--1020},
  publisher = {IEEE},
  title = {{Vins-mono: A robust and versatile monocular visual-inertial state estimator}},
  type = {article},
  volume = {34},
  year = {2018},
}

@article{stipanovic2004decentralized,
  author = {Stipanovic, Dusan M and Inalhan, Gokhan and Teo, Rodney and Tomlin, Claire J},
  journal = {Automatica},
  keywords = {uav, multirobot},
  number = {8},
  pages = {1285--1296},
  publisher = {Elsevier},
  title = {Decentralized overlapping control of a formation of unmanned aerial vehicles},
  type = {article},
  volume = {40},
  year = {2004},
}

@techreport{scofield1973theoretical,
  author = {Scofield, James H},
  institution = {California Univ.},
  keywords = {radiation},
  title = {{Theoretical photoionization cross sections from 1 to 1500 keV}},
  type = {techreport},
  year = {1973},
}

@inproceedings{penicka2017reactive,
  author = {Penicka, Robert and Saska, Martin and Reymann, Christophe and Lacroix, Simon},
  booktitle = {{IEEE European Conference on Mobile Robots (ECMR)}},
  organization = {IEEE},
  title = {{Reactive dubins traveling salesman problem for replanning of information gathering by UAVs}},
  type = {inproceedings},
  year = {2017},
}

@article{macfarlane2014lightweight,
  author = {MacFarlane, JW and Payton, OD and Keatley, AC and Scott, GPT and Pullin, H and Crane, RA and Smilion, M and Popescu, I and Curlea, V and Scott, TB},
  journal = {Journal of environmental radioactivity},
  keywords = {uav, radiation},
  pages = {127--130},
  publisher = {Elsevier},
  title = {Lightweight aerial vehicles for monitoring, assessment and mapping of radiation anomalies},
  type = {article},
  volume = {136},
  year = {2014},
}

@article{sinha2009multi,
  author = {Sinha, Arpita and Tsourdos, Antonios and White, Brian},
  journal = {European Journal of Control},
  keywords = {uav, multirobot, sensing},
  number = {3-4},
  pages = {441--448},
  publisher = {Elsevier},
  title = {{Multi UAV coordination for tracking the dispersion of a contaminant cloud in an urban region}},
  type = {article},
  volume = {15},
  year = {2009},
}

@inproceedings{carrel2012gampix,
  author = {Carrel, Frederick and Gmar, Mehdi and Lemaire, Hermine and Schoepff, Vincent and Thevenin, Mathieu},
  booktitle = {Proceedings of the 2012 Conference on Design and Architectures for Signal and Image Processing},
  keywords = {radiation},
  organization = {IEEE},
  pages = {1--2},
  title = {{GAMPIX: a new generation of gamma camera}},
  type = {inproceedings},
  year = {2012},
}

@inproceedings{zhang2016vision,
  author = {Zhang, Yelin and Wang, Yangzhu and Han, Zhen},
  booktitle = {Chinese Guidance, Navigation and Control Conference (CGNCC)},
  keywords = {uav},
  organization = {IEEE},
  pages = {988--992},
  title = {{Vision-aided navigation for fixed-wing UAV's autonomous landing}},
  type = {inproceedings},
  year = {2016},
}

@inproceedings{mellinger:snap,
  author = {Mellinger, Daniel and Kumar, Vijay},
  booktitle = {{IEEE International Conference on Robotics and Automation (ICRA)}},
  keywords = {control},
  organization = {IEEE},
  pages = {2520--2525},
  title = {Minimum snap trajectory generation and control for quadrotors},
  type = {inproceedings},
  year = {2011},
}

@article{mahoor2011vision,
  author = {Mahoor, Mohammad H and Godzdanker, Roy and Dalamagkidis, Konstantinos and Valavanis, Kimon P},
  journal = {Journal of Intelligent \& Robotic Systems},
  keywords = {uav, control},
  number = {1},
  pages = {251--265},
  publisher = {Springer},
  title = {Vision-based landing of light weight unmanned helicopters on a smart landing platform},
  type = {article},
  volume = {61},
  year = {2011},
}

@inproceedings{saska2017isrr,
  author = {Saska, Martin},
  booktitle = {{IEEE International Symposium on Robotic Research (ISRR)}},
  organization = {IEEE},
  title = {{Large sensors with adaptive shape realised by selfstabilised compact groups of micro aerial vehicles}},
  type = {inproceedings},
  year = {2017},
}

@article{grabe2015nonlinear,
  author = {Grabe, Volker and Bulthoff, Heinrich H and Scaramuzza, Davide and Giordano, Paolo Robuffo},
  journal = {The International Journal of Robotics Research},
  number = {8},
  pages = {1114--1135},
  publisher = {SAGE Publications Sage UK: London, England},
  title = {{Nonlinear ego-motion estimation from optical flow for online control of a quadrotor UAV}},
  type = {article},
  volume = {34},
  year = {2015},
}

@incollection{lindsey2013distributed,
  author = {Lindsey, Quentin and Kumar, Vijay},
  booktitle = {Algorithmic Foundations of Robotics X},
  pages = {209--225},
  publisher = {Springer},
  title = {Distributed construction of truss structures},
  type = {incollection},
  year = {2013},
}

@inproceedings{ryll20176d,
  author = {Ryll, Markus and Muscio, Giuseppe and Pierri, Francesco and Cataldi, Elisabetta and Antonelli, Gianluca and Caccavale, Fabrizio and Franchi, Antonio},
  booktitle = {2017 IEEE International Conference on Robotics and Automation (ICRA)},
  organization = {IEEE},
  pages = {5190--5195},
  title = {{6D physical interaction with a fully actuated aerial robot}},
  type = {inproceedings},
  year = {2017},
}

@inproceedings{kondak2014aerial,
  author = {Kondak, Konstantin and Huber, Felix and Schwarzbach, Marc and Laiacker, Maximilian and Sommer, Dominik and Bejar, Manuel and Ollero, Anibal},
  booktitle = {2014 IEEE international conference on robotics and automation (ICRA)},
  organization = {IEEE},
  pages = {2107--2112},
  title = {Aerial manipulation robot composed of an autonomous helicopter and a 7 degrees of freedom industrial manipulator},
  type = {inproceedings},
  year = {2014},
}

@article{pollanen2009performance,
  author = {Pollanen, Roy and Toivonen, Harri and Perajarvi, Kari and Karhunen, Tero and Smolander, Petri and Ilander, Tarja and Rintala, Kimmo and Katajainen, Tuure and Niemela, Jarkko and Juusela, Marko and others},
  journal = {Journal of radioanalytical and nuclear chemistry},
  keywords = {uav, radiation},
  number = {2},
  pages = {433},
  publisher = {Springer},
  title = {{Performance of an air sampler and a gamma-ray detector in a small unmanned aerial vehicle}},
  type = {article},
  volume = {282},
  year = {2009},
}

@inproceedings{hofer2016application,
  author = {Hofer, Matthias and Muehlebach, Michael and D'Andrea, Raffaello},
  booktitle = {{IEEE International Conference on Robotics and Automation (ICRA)}},
  keywords = {uav, control},
  organization = {IEEE},
  pages = {2952--2957},
  title = {{Application of an Approximate Model Predictive Control Scheme on an Unmanned Aerial Vehicle}},
  type = {inproceedings},
  year = {2016},
}

@inproceedings{gawel2017aerial,
  author = {Gawel, Abel and Kamel, Mina and Novkovic, Tonci and Widauer, Jakob and Schindler, Dominik and Von Altishofen, Benjamin Pfyffer and Siegwart, Roland and Nieto, Juan},
  booktitle = {2017 IEEE international conference on robotics and automation (ICRA)},
  organization = {IEEE},
  pages = {5746--5752},
  title = {{Aerial picking and delivery of magnetic objects with MAVs}},
  type = {inproceedings},
  year = {2017},
}

@article{burian2017katherine,
  author = {Burian, P and Broulim, P and Jara, M and Georgiev, V and Bergmann, B},
  journal = {Journal of Instrumentation},
  keywords = {timepix},
  number = {11},
  pages = {C11001},
  publisher = {IOP Publishing},
  title = {{Katherine: ethernet embedded readout interface for Timepix3}},
  type = {article},
  volume = {12},
  year = {2017},
}

@article{gaitani2017high,
  author = {Gaitani, Niki and Burud, Ingunn and Thiis, Thomas and Santamouris, Mat},
  journal = {Building and Environment},
  keywords = {uav, sensing},
  publisher = {Elsevier},
  title = {{High-resolution spectral mapping of urban thermal properties with Unmanned Aerial Vehicles}},
  type = {article},
  year = {2017},
}

@article{lee2013nonlinear,
  author = {Lee, Taeyoung and Leok, Melvin and McClamroch, N Harris},
  journal = {Asian Journal of Control},
  keywords = {uav, control},
  number = {2},
  pages = {391--408},
  publisher = {Wiley Online Library},
  title = {{Nonlinear robust tracking control of a quadrotor UAV on SE(3)}},
  type = {article},
  volume = {15},
  year = {2013},
}

@inproceedings{ohno2011robotic,
  author = {Ohno, Kazunori and Kawatsuma, Shinji and Okada, Takashi and Takeuchi, Eijiro and Higashi, Kazuyuki and Tadokoro, Satoshi},
  booktitle = {2011 IEEE International Symposium on Safety, Security, and Rescue Robotics},
  organization = {IEEE},
  pages = {38--43},
  title = {{Robotic control vehicle for measuring radiation in Fukushima Daiichi Nuclear Power Plant}},
  type = {inproceedings},
  year = {2011},
}

@article{ebeid2018survey,
  author = {Ebeid, Emad and Skriver, Martin and Terkildsen, Kristian Husum and Jensen, Kjeld and Schultz, Ulrik Pagh},
  doi = {https://doi.org/10.1016/j.micpro.2018.05.002},
  issn = {0141-9331},
  journal = {Microprocessors and Microsystems},
  pages = {11--20},
  title = {A survey of Open-Source UAV flight controllers and flight simulators},
  type = {article},
  url = {http://www.sciencedirect.com/science/article/pii/S0141933118300930},
  volume = {61},
  year = {2018},
}

@inproceedings{gassner2017dynamic,
  author = {Gassner, M. and Cieslewski, T. and Scaramuzza, D.},
  booktitle = {{IEEE International Conference on Robotics and Automation (ICRA)}},
  keywords = {control, multirobot},
  publisher = {IEEE},
  title = {{Dynamic collaboration without communication: Vision-based cable-suspended load transport with two quadrotors}},
  type = {inproceedings},
  year = {2017},
}

@inproceedings{lenz2020autonomous,
  author = {Lenz, Christian and Schwarz, Max and Rochow, Andre and Razlaw, Jan and Periyasamy, Arul Selvam and Schreiber, Michael and Behnke, Sven},
  booktitle = {{IEEE International Symposium on Safety, Security, and Rescue Robotics (SSRR)}},
  keywords = {mbzirc},
  month = {11},
  title = {{Autonomous Wall Building with a UGV-UAV Team at MBZIRC 2020}},
  type = {inproceedings},
  year = {2020},
}

@article{granja2018directional,
  author = {Granja, Carlos and Kudela, Karel and Jakubek, Jan and Krist, Pavel and Chvatil, David and Stursa, Jan and Polansky, Stepan},
  issue = {11},
  journal = {Nuclear Instruments and Methods in Physics Research Section A: Accelerators, Spectrometers, Detectors and Associated Equipment},
  pages = {142--152},
  publisher = {Elsevier},
  title = {{Directional detection of charged particles and cosmic rays with the miniaturized radiation camera MiniPIX Timepix}},
  type = {article},
  volume = {911},
  year = {2018},
}

@article{penicka2019variable,
  author = {Penicka, R. and Faigl, J. and Saska, M.},
  journal = {European Journal of Operational Research},
  number = {3},
  pages = {816-825},
  title = {Variable Neighborhood Search for the Set Orienteering Problem and its application to other Orienteering Problem variants},
  type = {article},
  volume = {276},
  year = {2019},
}

@article{suzuki2014collision,
  author = {Suzuki, Satoshi and Ishii, Takahiro and Aida, Yoshihiko and Fujisawa, Yohei and Iizuka, Kojiro and Kawamura, Takashi},
  journal = {SICE Journal of Control, Measurement, and System Integration},
  keywords = {uav, control, multirobot},
  number = {6},
  pages = {347--355},
  publisher = {The Society of Instrument and Control Engineers},
  title = {{Collision-free Guidance Control of Small Unmanned Helicopter Using Nonlinear Model Predictive Control}},
  type = {article},
  volume = {7},
  year = {2014},
}

@inproceedings{vrba2019realtime,
  author = {Vrba, M. and Pogran, J. and Pritzl, V. and Spurny, V. and Saska, M.},
  booktitle = {2019 IEEE International Conference on Real-time Computing and Robotics (RCAR)},
  doi = {10.1109/RCAR47638.2019.9043942},
  month = {8},
  pages = {203-208},
  title = {Real-time localization of transmission sources using a formation of micro aerial vehicles},
  type = {inproceedings},
  year = {2019},
}

@inproceedings{tal2018accurate,
  author = {Tal, Ezra and Karaman, Sertac},
  booktitle = {2018 IEEE Conference on Decision and Control (CDC)},
  organization = {IEEE},
  pages = {4282--4288},
  title = {Accurate tracking of aggressive quadrotor trajectories using incremental nonlinear dynamic inversion and differential flatness},
  type = {inproceedings},
  year = {2018},
}

@inproceedings{faigl2017onsolution,
  addendum = {{\textbf{10\% contribution, citations: 4 in WoS, 5 in Scopus, 9 in GS}}},
  author = {Faigl, Jan and Vana, Petr and Saska, Martin and Baca, Tomas and Spurny, Vojtech},
  booktitle = {{2017 IEEE European Conference on Mobile Robots (ECMR)}},
  keywords = {mine, conference, phd_related},
  pages = {1--6},
  title = {{On solution of the Dubins touring problem}},
  type = {inproceedings},
  url = {http://ieeexplore.ieee.org/document/8098685/},
  year = {2017},
}

@article{sanada2014aerial,
  author = {Sanada, Yukihisa and Sugita, Takeshi and Nishizawa, Yukiyasu and Kondo, Atsuya and Torii, Tatsuo},
  journal = {Progress in Nuclear Science and Technology },
  number = {7},
  pages = {76-80},
  title = {{The aerial radiation monitoring in Japan after the Fukushima Daiichi nuclear power plant accident}},
  type = {article},
  volume = {4},
  year = {2014},
}

@article{sanada2017airborne,
  author = {Sanada, Yukihisa and Nishizawa, Yukiyasu and Ishizaki, Azusa and Urabe, Yoshimi},
  journal = {Bunseki Kagaku (Japan Analyst)},
  number = {3},
  pages = {149--162},
  title = {Airborne radiation monitoring using a manned helicopter},
  type = {article},
  volume = {66},
  year = {2017},
}

@article{metta2006yarp,
  author = {Metta, Giorgio and Fitzpatrick, Paul and Natale, Lorenzo},
  journal = {International Journal of Advanced Robotic Systems},
  number = {1},
  pages = {8},
  publisher = {SAGE Publications Sage UK: London, England},
  title = {{YARP: yet another robot platform}},
  type = {article},
  volume = {3},
  year = {2006},
}

@article{ramon2017detection,
  author = {Ramon Soria, Pablo and Arrue, Begona C and Ollero, Anibal},
  journal = {Sensors},
  number = {1},
  pages = {103},
  publisher = {Multidisciplinary Digital Publishing Institute},
  title = {{Detection, location and grasping objects using a stereo sensor on UAV in outdoor environments}},
  type = {article},
  volume = {17},
  year = {2017},
}

@article{zhang2019robust,
  author = {Zhang, Juqian and Gu, Dawei and Deng, Chao and Wen, Bangchun},
  journal = {IEEE Access},
  pages = {163502--163514},
  publisher = {IEEE},
  title = {Robust and Adaptive Backstepping Control for Hexacopter UAVs},
  type = {article},
  volume = {7},
  year = {2019},
}

@article{kurvinen2005design,
  author = {Kurvinen, K and Smolander, P and Pollanen, R and Kuukankorpi, S and Kettunen, M and Lyytinen, J},
  journal = {Journal of environmental radioactivity},
  keywords = {radiation, uav},
  number = {1},
  pages = {1--10},
  publisher = {Elsevier},
  title = {{Design of a radiation surveillance unit for an unmanned aerial vehicle}},
  type = {article},
  volume = {81},
  year = {2005},
}

@inproceedings{saska2016formations,
  addendum = {{\textbf{30\% contribution, citations: 3 in WoS, 3 in Scopus, 29 in GS}}},
  author = {Saska, Martin and Baca, Tomas and Hert, Daniel},
  booktitle = {{IEEE International Conference on Control, Automation, Robotics and Vision (ICARCV)}},
  keywords = {mine, phd_related, conference},
  organization = {IEEE},
  title = {Formations of unmanned micro aerial vehicles led by migrating virtual leader},
  type = {inproceedings},
  year = {2016},
}

@inproceedings{ryan2007decentralized,
  author = {Ryan, Allison and Tisdale, John and Godwin, Mark and Coatta, Daniel and Nguyen, David and Spry, Stephen and Sengupta, Raja and Hedrick, J Karl},
  booktitle = {American Control Conference (ACC)},
  keywords = {uav, sensing, control},
  organization = {IEEE},
  pages = {4672--4677},
  title = {Decentralized control of unmanned aerial vehicle collaborative sensing missions},
  type = {inproceedings},
  year = {2007},
}

@article{christie2017radiation,
  author = {Christie, Gordon and Shoemaker, Adam and Kochersberger, Kevin and Tokekar, Pratap and McLean, Lance and Leonessa, Alexander},
  journal = {Journal of Field Robotics},
  number = {8},
  pages = {1450--1468},
  publisher = {Wiley Online Library},
  title = {{Radiation search operations using scene understanding with autonomous UAV and UGV}},
  type = {article},
  volume = {34},
  year = {2017},
}

@inproceedings{penicka2017neighborhoods,
  author = {Robert Penicka and Jan Faigl and Petr Vana and Martin Saska},
  booktitle = {International Conference on Unmanned Aircraft Systems (ICUAS)},
  doi = {10.1109/ICUAS.2017.7991350},
  month = {6},
  pages = {1555--1562},
  title = {Dubins orienteering problem with neighborhoods},
  type = {inproceedings},
  year = {2017},
}

@article{keatley2018source,
  author = {Keatley, AC and Martin, PG and Hallam, KR and Payton, OD and Awbery, R and Carvalho, FP and Oliveira, JM and Silva, L and Malta, M and Scott, TB},
  journal = {Journal of Environmental Radioactivity},
  pages = {102--111},
  publisher = {Elsevier},
  title = {{Source identification of uranium-containing materials at mine legacy sites in Portugal}},
  type = {article},
  volume = {183},
  year = {2018},
}

@incollection{merino2007multi,
  author = {Merino, Luis and Caballero, Fernando and Ferruz, Joaquin and Wiklund, Johan and Forssen, Per-Erik and Ollero, Anibal},
  booktitle = {Multiple Heterogeneous Unmanned Aerial Vehicles},
  keywords = {uav, multirobot},
  pages = {67--110},
  publisher = {Springer},
  title = {{Multi-UAV cooperative perception techniques}},
  type = {incollection},
  year = {2007},
}

@inproceedings{cap:timewarping,
  author = {Cap, Michal and Gregoire, Jean and Frazzoli, Emilio},
  booktitle = {{IEEE/RSJ International Conference on Intelligent Robots and Systems (IROS)}},
  keywords = {planning},
  organization = {IEEE},
  pages = {5113--5118},
  title = {Provably safe and deadlock-free execution of multi-robot plans under delaying disturbances},
  type = {inproceedings},
  year = {2016},
}

@article{faiccal2014use,
  author = {Faical, Bruno S and Costa, Fausto G and Pessin, Gustavo and Ueyama, Jo and Freitas, Heitor and Colombo, Alexandre and Fini, Pedro H and Villas, Leandro and Osorio, Fernando S and Vargas, Patricia A and others},
  journal = {Journal of Systems Architecture},
  keywords = {uav, sensing},
  number = {4},
  pages = {393--404},
  publisher = {Elsevier},
  title = {The use of unmanned aerial vehicles and wireless sensor networks for spraying pesticides},
  type = {article},
  volume = {60},
  year = {2014},
}

@article{islam2017nonlinear,
  author = {Islam, Shafiqul and Liu, Peter X and El Saddik, Abdulmotaleb},
  journal = {International Journal of Control, Automation and Systems},
  number = {4},
  pages = {1661--1668},
  publisher = {Springer},
  title = {{Nonlinear robust adaptive sliding mode control design for miniature unmanned multirotor aerial vehicle}},
  type = {article},
  volume = {15},
  year = {2017},
}

@article{stasinchuk2020multiuav,
  addendum = {{\textbf{20\% contribution}}},
  author = {Stasinchuk, Yurii and Vrba, Matous and Petrlik, Matej and Baca, Tomas and Spurny, Vojtech and Hert, Daniel and Zaitlik, David and Nascimento, Tiago and Saska, Martin},
  keywords = {mine, phd_related, submitted, journal, mbzirc},
  note = {{submitted to IEEE Robotics and Automation Letters}},
  title = {{A Multi-UAV System for Detection and Elimination of Multiple Targets}},
  type = {article},
  year = {2020},
}

@inproceedings{lopez2017avoidance,
  author = {Lopez, Felipe Garcia and Abbenseth, Jannik and Henkel, Christian and Dorr, Stefan},
  booktitle = {{IEEE European Conference on Mobile Robots (ECMR)}},
  keywords = {control},
  organization = {IEEE},
  title = {{A predictive online path planning and optimization approach for cooperative mobile service robot navigation in industrial applications}},
  type = {inproceedings},
  year = {2017},
}

@article{daniel2019inorbit,
  addendum = {{\textbf{5\% contribution, IF 8.142 (Q1 in Astronomy \& Astrophysics), citations: 2 in WoS, 3 in Scopus, 3 in GS}}},
  author = {Daniel, V. and Inneman, A. and Vertat, I. and Baca, T. and Nentvich, O. and Urban, M. and Stehlikova, V. and Sieger, L. and Skala, P. and Filgas, R. and Zadrazil, V. and Linhart, R. and Masopust, J. and Jamroz, T. and Pina, L. and Marsikova, V. and Mikulickova, L. and Belas, E. and Pospisil, S. and Vykydal, Z. and Mora, Y. and Pavlica, R.},
  doi = {10.1007/s11214-019-0589-7},
  issn = {1572-9672},
  journal = {{Space Science Reviews}},
  keywords = {mine, phd_unrelated, journal},
  month = {7},
  number = {5},
  pages = {40},
  title = {{In-Orbit Commissioning of Czech Nanosatellite VZLUSAT-1 for the QB50 Mission with a Demonstrator of a Miniaturised Lobster-Eye X-Ray Telescope and Radiation Shielding Composite Materials}},
  type = {article},
  url = {https://doi.org/10.1007/s11214-019-0589-7},
  volume = {215},
  year = {2019},
}

@article{fernandez2015image,
  author = {Fernandez-Hernandez, J and Gonzalez-Aguilera, D and Rodriguez-Gonzalvez, P and Mancera-Taboada, J},
  journal = {Archaeometry},
  keywords = {uav, sensing},
  number = {1},
  pages = {128--145},
  publisher = {Wiley Online Library},
  title = {{Image-Based Modelling from Unmanned Aerial Vehicle (UAV) Photogrammetry: An Effective, Low-Cost Tool for Archaeological Applications}},
  type = {article},
  volume = {57},
  year = {2015},
}

@article{guo1989parallel,
  author = {Guo, Zicheng and Hall, Richard W},
  journal = {Communications of the ACM},
  keywords = {vision},
  number = {3},
  pages = {359--373},
  publisher = {ACM},
  title = {Parallel thinning with two-subiteration algorithms},
  type = {article},
  volume = {32},
  year = {1989},
}

@article{holy2008pattern,
  author = {Holy, T. and Heijne, E. and Jakubek, J. and others},
  journal = {Nuclear Instruments and Methods},
  keywords = {radiation, timepix},
  number = {1},
  pages = {287--290},
  publisher = {Elsevier},
  title = {{Pattern recognition of tracks induced by individual quanta of ionizing radiation in Medipix2 silicon detector}},
  type = {article},
  volume = {591},
  year = {2008},
}

@inproceedings{granja2014directional,
  author = {Granja, Carlos and Polansky, Stepan and Vykydal, Z and others},
  booktitle = {{Proceedings X Latin American Symposium on Nuclear Physics and Applications. Trieste: SISSA/ISAS}},
  keywords = {timepix, radiation},
  pages = {1--10},
  title = {{Directional visualization of space radiation quanta with Timepix/SATRAM spacecraft payload on board ESA Proba-V satellite}},
  type = {inproceedings},
  year = {2014},
}

@article{sanchez2016reliable,
  author = {Sanchez-Lopez, Jose Luis and Pestana, Jesus and de la Puente, Paloma and Campoy, Pascual},
  journal = {Journal of Intelligent \& Robotic Systems},
  keywords = {uav, multirobot},
  number = {1-4},
  pages = {779--797},
  publisher = {Springer},
  title = {{A reliable open-source system architecture for the fast designing and prototyping of autonomous multi-UAV systems: Simulation and experimentation}},
  type = {article},
  volume = {84},
  year = {2016},
}

@article{furnell2018first,
  author = {Furnell, Will and Shenoy, Abhishek and Fox, Elliot and others},
  eprint = {arXiv:1810.12876},
  journal = {Advances in Space Research},
  keywords = {timepix},
  publisher = {Elsevier},
  title = {{First results from the LUCID-Timepix spacecraft payload onboard the TechDemoSat-1 satellite in Low Earth Orbit}},
  type = {article},
  year = {2018},
}

@article{beul2019team,
  author = {Beul, Marius and Nieuwenhuisen, Matthias and Quenzel, Jan and Rosu, Radu Alexandru and Horn, Jannis and Pavlichenko, Dmytro and Houben, Sebastian and Behnke, Sven},
  journal = {Journal of Field Robotics},
  number = {1},
  pages = {204--229},
  publisher = {Wiley Online Library},
  title = {{Team NimbRo at MBZIRC 2017: Fast landing on a moving target and treasure hunting with a team of micro aerial vehicles}},
  type = {article},
  volume = {36},
  year = {2019},
}

@inproceedings{sandler2018mobilenetv2,
  author = {Sandler, Mark and Howard, Andrew and Zhu, Menglong and Zhmoginov, Andrey and Chen, Liang-Chieh},
  booktitle = {Proceedings of the IEEE conference on computer vision and pattern recognition},
  pages = {4510--4520},
  title = {{Mobilenetv2: Inverted residuals and linear bottlenecks}},
  type = {inproceedings},
  year = {2018},
}

@incollection{furrer2016rotors,
  author = {Furrer, Fadri and Burri, Michael and Achtelik, Markus and Siegwart, Roland},
  booktitle = {Robot Operating System (ROS)},
  pages = {595--625},
  publisher = {Springer},
  title = {{RotorS --- A modular gazebo MAV simulator framework}},
  type = {incollection},
  year = {2016},
}

@article{krajnik2014localization,
  author = {Krajnik, Tomas and Nitsche, Matias and Faigl, Jan and Vanek, Petr and Saska, Martin and Preucil, Libor and Duckett, Tom and Mejail, Marta},
  journal = {{Journal of Intelligent \& Robotic Systems}},
  keywords = {vision},
  number = {3-4},
  pages = {539--562},
  publisher = {Springer},
  title = {A practical multirobot localization system},
  type = {article},
  volume = {76},
  year = {2014},
}

@inproceedings{jung2016target,
  author = {Jung, Wooyoung and Kim, Youngjoo and Bang, Hyochoong},
  booktitle = {International Conference on Unmanned Aircraft Systems (ICUAS)},
  keywords = {uav, vision},
  organization = {IEEE},
  pages = {657--663},
  title = {Target state estimation for vision-based landing on a moving ground target},
  type = {inproceedings},
  year = {2016},
}

@article{elkady2012robotics,
  author = {Elkady, Ayssam and Sobh, Tarek},
  journal = {Journal of Robotics},
  publisher = {Hindawi},
  title = {{Robotics middleware: A comprehensive literature survey and attribute-based bibliography}},
  type = {article},
  volume = {2012},
  year = {2012},
}

@article{smrcka2020admittance,
  addendum = {{\textbf{25\% contribution}}},
  author = {Smrcka, Daniel and Baca, Tomas and Nascimento, Tiago and Saska, Martin},
  keywords = {mine, phd_related, submitted, journal},
  note = {{submitted to IEEE Robotics and Automation Letters}},
  title = {{Admittance Force-Based UAV-Wall Stabilization and Press Exertion for Documentation and Inspection of Historical Buildings}},
  type = {article},
  year = {2020},
}

@article{ham2016visual,
  author = {Ham, Youngjib and Han, Kevin K and Lin, Jacob J and Golparvar-Fard, Mani},
  keywords = {review},
  number = {1},
  pages = {1--8},
  publisher = {Springer},
  title = {{Visual monitoring of civil infrastructure systems via camera-equipped Unmanned Aerial Vehicles (UAVs): a review of related works}},
  type = {article},
  volume = {4},
  year = {2016},
}

@article{vykydal2011usb,
  author = {Vykydal, Zdenek and Jakubek, Jan},
  journal = {Nuclear Instruments and Methods},
  keywords = {timepix},
  pages = {S48--S49},
  publisher = {Elsevier},
  title = {{USB Lite -- Miniaturized readout interface for Medipix2 detector}},
  type = {article},
  volume = {633},
  year = {2011},
}

@article{delmerico2019current,
  author = {Delmerico, Jeffrey and Mintchev, Stefano and Giusti, Alessandro and Gromov, Boris and Melo, Kamilo and Horvat, Tomislav and Cadena, Cesar and Hutter, Marco and Ijspeert, Auke and Floreano, Dario},
  journal = {Journal of Field Robotics},
  number = {7},
  pages = {1171--1191},
  publisher = {Wiley Online Library},
  title = {The current state and future outlook of rescue robotics},
  type = {article},
  volume = {36},
  year = {2019},
}

@article{weiss2011monocular,
  author = {Weiss, Stephan and Scaramuzza, Davide and Siegwart, Roland},
  journal = {Journal of Field Robotics},
  keywords = {uav, vision, control},
  number = {6},
  pages = {854--874},
  publisher = {Wiley Online Library},
  title = {{Monocular-SLAM-based navigation for autonomous micro helicopters in GPS-denied environments}},
  type = {article},
  volume = {28},
  year = {2011},
}

@article{nascimento2019position,
  author = {Nascimento, Tiago P and Saska, Martin},
  journal = {Annual Reviews in Control},
  pages = {129--146},
  publisher = {Elsevier},
  title = {{Position and attitude control of multi-rotor aerial vehicles: A survey}},
  type = {article},
  volume = {48},
  year = {2019},
}

@inproceedings{pereira2019nonlinear,
  author = {Pereira, Jean C and Leite, Valter JS and Raffo, Guilherme V},
  booktitle = {2019 19th International Conference on Advanced Robotics (ICAR)},
  organization = {IEEE},
  pages = {155--160},
  title = {{Nonlinear Model Predictive Control on SE(3) for Quadrotor Trajectory Tracking and Obstacle Avoidance}},
  type = {inproceedings},
  year = {2019},
}

@article{faigl2019unsupervised,
  author = {Faigl, J. and Vana, P. and Penicka, R. and Saska, M.},
  journal = {Journal of Field Robotics},
  number = {1},
  pages = {270-301},
  title = {{Unsupervised Learning based Flexible Framework for Surveillance Planning with Aerial Vehicles}},
  type = {article},
  volume = {36},
  year = {2019},
}

@inproceedings{burri2015robust,
  author = {Burri, Michael and Datwiler, Manuel and Achtelik, Markus W and Siegwart, Roland},
  booktitle = {2015 IEEE international conference on robotics and automation (ICRA)},
  organization = {IEEE},
  pages = {5278--5283},
  title = {{Robust state estimation for micro aerial vehicles based on system dynamics}},
  type = {inproceedings},
  year = {2015},
}

@article{fornalski2018simple,
  author = {Fornalski, Krzysztof W},
  journal = {{Journal of Physics Communications}},
  keywords = {radiation},
  number = {3},
  pages = {35--38},
  publisher = {IOP Publishing},
  title = {{Simple empirical correction functions to cross sections of the photoelectric effect, Compton scattering, pair and triplet production for carbon radiation shields for intermediate and high photon energies}},
  type = {article},
  volume = {2},
  year = {2018},
}

@inproceedings{farmani2015tracking,
  author = {Farmani, Negar and Sun, Liang and Pack, Daniel},
  booktitle = {International Conference on Unmanned Aircraft Systems (ICUAS)},
  keywords = {uav, multirobot},
  organization = {IEEE},
  pages = {395--400},
  title = {Tracking multiple mobile targets using cooperative unmanned aerial vehicles},
  type = {inproceedings},
  year = {2015},
}

@inproceedings{saska2019large,
  author = {Saska, Martin},
  booktitle = {Robotics Research},
  isbn = {978-3-030-28619-4},
  pages = {101--107},
  publisher = {Springer International Publishing},
  title = {{Large Sensors with Adaptive Shape Realised by Self-stabilised Compact Groups of Micro Aerial Vehicles}},
  type = {inproceedings},
  year = {2020},
}

@inproceedings{wan2000unscented,
  author = {Wan, Eric A and Van Der Merwe, Rudolph},
  booktitle = {{Adaptive Systems for Signal Processing, Communications, and Control Symposium, IEEE}},
  keywords = {estimation},
  organization = {IEEE},
  pages = {153--158},
  title = {{The unscented Kalman filter for nonlinear estimation}},
  type = {inproceedings},
  year = {2000},
}

@article{urban2017vzlusat,
  addendum = {{\textbf{20\% contribution, IF 2.482 (Q1 in Engineering, Aerospace), citations: 20 in WoS, 27 in Scopus, 28 in GS}}},
  author = {Urban, M. and Nentvich, O. and Stehlikova, V. and Baca, T. and Daniel, V. and Hudec, R.},
  journal = {Acta Astronautica},
  keywords = {mine, phd_unrelated, journal},
  pages = {96--104},
  publisher = {Elsevier},
  title = {{VZLUSAT-1: Nanosatellite with miniature lobster eye X-ray telescope and qualification of the radiation shielding composite for space application}},
  type = {article},
  volume = {140},
  year = {2017},
}

@article{mattingley:cvxgen,
  author = {Mattingley, Jacob and Boyd, Stephen},
  journal = {Optimization and Engineering},
  keywords = {optimization},
  number = {1},
  pages = {1--27},
  publisher = {Springer},
  title = {{CVXGEN: A code generator for embedded convex optimization}},
  type = {article},
  volume = {13},
  year = {2012},
}

@article{filgas2019risepix,
  author = {Filgas, Robert and Malich, Milan and Kuwahara, Toshinori and Broulím, Jan and Holík, Michael and Sakal, Morokot and Murata, Yu and Tomio, Hannah and Gohl, Stefan and Pineda T., Johan M.},
  doi = {10.1002/asna.201913674},
  journal = {Astronomische Nachrichten},
  keywords = {timepix},
  number = {7},
  pages = {674-680},
  title = {RISEPix -- A Timepix-based radiation monitor telescope onboard the RISESAT satellite},
  type = {article},
  url = {https://onlinelibrary.wiley.com/doi/abs/10.1002/asna.201913674},
  volume = {340},
  year = {2019},
}

@article{silano2020power,
  addendum = {{\textbf{20\% contribution}}},
  author = {Silano, Giuseppe and Baca, Tomas and Penicka, Robert and Liuzza, Davide and Saska, Martin},
  keywords = {mine, phd_related, submitted, journal},
  note = {{submitted to IEEE Robotics and Automation Letters}},
  title = {{Power Line Inspection Tasks with Multi-Aerial Robot Systems via Signal Temporal Logic Specifications}},
  type = {article},
  year = {2020},
}

@mastersthesis{jilek2018processing,
  author = {Martin Jilek},
  school = {{Czech Technical University in Prague, Faculty of Electrical Engineering}},
  title = {{Processing of Radiation Data from the Timepix Sensor on the VZLUSAT-1 Satellite}},
  type = {mastersthesis},
  url = {https://dspace.cvut.cz/handle/10467/77036},
  year = {2018},
}

@article{walter2019uvdar,
  author = {Walter, W. and Staub, N. and Franchi, A. and Saska, M.},
  doi = {10.1109/LRA.2019.2901683},
  issn = {2377-3766},
  journal = {IEEE Robotics and Automation Letters (RAL)},
  month = {7},
  number = {3},
  pages = {2637-2644},
  title = {{UVDAR System for Visual Relative Localization With Application to Leader-Follower Formations of Multirotor UAVs}},
  type = {article},
  volume = {4},
  year = {2019},
}

@inproceedings{jin2016board,
  author = {Jin, Shaogang and Zhang, Jiyang and Shen, Lincheng and Li, Tengxiang},
  booktitle = {35th Chinese Control Conference (CCC)},
  keywords = {uav, control, vision},
  organization = {IEEE},
  pages = {10284--10289},
  title = {{On-board vision autonomous landing techniques for quadrotor: A survey}},
  type = {inproceedings},
  year = {2016},
}

@inproceedings{faigl2016som,
  author = {Faigl, Jan and Vana, Petr},
  booktitle = {25th International Conference on Artificial Neural Networks (ICANN)},
  doi = {10.1007/978-3-319-44781-0_59},
  keywords = {planning},
  pages = {497--505},
  publisher = {Springer International Publishing},
  title = {{Self-Organizing Map for the Curvature-Constrained Traveling Salesman Problem}},
  type = {inproceedings},
  year = {2016},
}

@inproceedings{abeywardena2015design,
  author = {Abeywardena, Dinuka and Pounds, Paul and Hunt, David and Dissanayake, Gamini},
  booktitle = {Australasian Conference on Robotics and Automation (ACRA)},
  title = {Design and development of ReCOPTER: An open source ROS-based multi-rotor platform for research},
  type = {inproceedings},
  year = {2015},
}

@article{penicka2019data,
  author = {Penicka, R. and Faigl, J. and Saska, M. and Vana, P.},
  journal = {Autonomous Robots},
  title = {Data collection planning with non-zero sensing distance for a budget and curvature constrained unmanned aerial vehicle},
  type = {article},
  year = {2019},
}

@incollection{mirjan2016building,
  author = {Mirjan, Ammar and Augugliaro, Federico and D’Andrea, Raffaello and Gramazio, Fabio and Kohler, Matthias},
  booktitle = {Robotic Fabrication in Architecture, Art and Design 2016},
  pages = {34--47},
  publisher = {Springer},
  title = {Building a bridge with flying robots},
  type = {incollection},
  year = {2016},
}

@article{salek2018mapping,
  author = {Salek, Ondrej and Matolin, Milan and Gryc, Lubomir},
  journal = {Journal of environmental radioactivity},
  pages = {101--107},
  publisher = {Elsevier},
  title = {{Mapping of radiation anomalies using UAV mini-airborne gamma-ray spectrometry}},
  type = {article},
  volume = {182},
  year = {2018},
}

@inproceedings{kohlbrecher2011flexible,
  author = {Kohlbrecher, S. and Meyer, J. and von Stryk, O. and Klingauf, U.},
  booktitle = {IEEE International Symposium on Safety, Security and Rescue Robotics (SSRR)},
  month = {November},
  organization = {IEEE},
  title = {{A Flexible and Scalable SLAM System with Full 3D Motion Estimation}},
  type = {inproceedings},
  year = {2011},
}

@article{hehn2015real,
  author = {Hehn, Markus and D’Andrea, Raffaello},
  journal = {IEEE Transactions on Robotics},
  keywords = {uav, planning},
  number = {4},
  pages = {877--892},
  publisher = {IEEE},
  title = {Real-time trajectory generation for quadrocopters},
  type = {article},
  volume = {31},
  year = {2015},
}

@article{towler2012radiation,
  author = {Towler, Jerry and Krawiec, Bryan and Kochersberger, Kevin},
  journal = {Remote Sensing},
  keywords = {uav, radiation},
  number = {7},
  pages = {1995--2015},
  publisher = {Molecular Diversity Preservation International},
  title = {Radiation mapping in post-disaster environments using an autonomous helicopter},
  type = {article},
  volume = {4},
  year = {2012},
}

@article{tsardoulias2017robotic,
  author = {Tsardoulias, Emmanouil and Mitkas, Pericles},
  journal = {arXiv preprint arXiv:1711.06842},
  title = {Robotic frameworks, architectures and middleware comparison},
  type = {article},
  year = {2017},
}

@article{trojanova2018evaluation,
  author = {Trojanova, E and Jakubek, J and Turecek, D and Sykora, V and Francova, P and Kolarova, V and Sefc, L},
  journal = {Journal of Instrumentation},
  number = {01},
  pages = {C01001},
  publisher = {IOP Publishing},
  title = {{Evaluation of Timepix3 based CdTe photon counting detector for fully spectroscopic small animal SPECT imaging}},
  type = {article},
  volume = {13},
  year = {2018},
}

@article{castano2019robotics,
  author = {Castano, Angel R and Real, Fran and Ramon-Soria, Pablo and Capitan, Jesus and Vega, Victor and Arrue, Begona C and Torres-Gonzalez, Arturo and Ollero, Anibal},
  journal = {Journal of Field Robotics},
  number = {1},
  pages = {104--124},
  publisher = {Wiley Online Library},
  title = {{Al-Robotics team: A cooperative multi-unmanned aerial vehicle approach for the Mohamed Bin Zayed International Robotic Challenge}},
  type = {article},
  volume = {36},
  year = {2019},
}

@article{mueller2014stability,
  author = {Mueller, Mark and D'Andrea, Raffaello},
  keywords = {uav, control},
  organization = {IEEE},
  publisher = {International Conference on Robotics and Automation (ICRA)},
  title = {Stability and control of a quadrocopter despite the complete loss of one, two, or three propellers},
  type = {article},
  year = {2014},
}

@article{chudoba2016exploration,
  addendum = {{\textbf{15 contribution, IF 2.02 (Q3 in Robotics), citations: 2 in WoS, 2 in Scopus, 31 in GS}}},
  author = {Chudoba, J. and Kulich, M. and Saska, M. and Baca, T. and Preucil, L.},
  journal = {{Journal of Intelligent \& Robotic Systems}},
  keywords = {mine, phd_related, journal},
  language = {English},
  pages = {1--19},
  title = {{Exploration and Mapping Technique Suited for Visual-features Based Localization of MAVs}},
  type = {article},
  url = {http://link.springer.com/article/10.1007/s10846-016-0358-8},
  year = {2016},
}

@article{kinoshita2014development,
  author = {Kinoshita, Hirofumi and Tayama, Ryuichi and Kometani, Eng Yutaka and Asano, Takashi and Kani, Y},
  journal = {Hitachi Review},
  number = {4},
  pages = {183--190},
  title = {{Development of new technology for Fukushima Daiichi nuclear power station reconstruction}},
  type = {article},
  volume = {63},
  year = {2014},
}

@inproceedings{maza2009multi,
  author = {Maza, Ivan and Kondak, Konstantin and Bernard, Markus and Ollero, Anibal},
  booktitle = {2nd International Symposium on UAVs},
  keywords = {uav, control, multirobot},
  organization = {Springer},
  pages = {417--449},
  title = {{Multi-UAV cooperation and control for load transportation and deployment}},
  type = {inproceedings},
  year = {2009},
}

@inproceedings{augugliaro2015knot,
  author = {Augugliaro, Federico and Zarfati, Emanuele and Mirjan, Ammar and D'Andrea, Raffaello},
  booktitle = {2015 IEEE/RSJ International Conference on Intelligent Robots and Systems (IROS)},
  keywords = {uav},
  organization = {IEEE},
  pages = {5917--5922},
  title = {Knot-tying with flying machines for aerial construction},
  type = {inproceedings},
  year = {2015},
}

@article{turecek2018compton,
  author = {Turecek, D and Jakubek, J and Trojanova, E and Sefc, L},
  journal = {Journal of Instrumentation},
  keywords = {timepix},
  number = {11},
  pages = {C11022},
  publisher = {IOP Publishing},
  title = {{Compton camera based on Timepix3 technology}},
  type = {article},
  volume = {13},
  year = {2018},
}

@article{jasim2020robust,
  author = {Jasim, Omar A. and Veres, Sandor M.},
  doi = {https://doi.org/10.1016/j.ast.2020.106010},
  issn = {1270-9638},
  journal = {Aerospace Science and Technology},
  pages = {106010},
  title = {A robust controller for multi rotor UAVs},
  type = {article},
  url = {http://www.sciencedirect.com/science/article/pii/S1270963820306921},
  volume = {105},
  year = {2020},
}

@article{stepan2019vision,
  author = {Stepan, Petr and Krajnik, Tomas and Petrlik, Matej and Saska, Martin},
  journal = {Journal of Field Robotics},
  keywords = {vision},
  number = {1},
  pages = {252--269},
  publisher = {Wiley Online Library},
  title = {Vision techniques for on-board detection, following, and mapping of moving targets},
  type = {article},
  volume = {36},
  year = {2019},
}

@inproceedings{kueng2016low,
  author = {Kueng, Beat and others},
  booktitle = {{2016 IEEE/RSJ International Conference on Intelligent Robots and Systems (IROS)}},
  organization = {IEEE},
  title = {{Low-latency visual odometry using event-based feature tracks}},
  type = {inproceedings},
  year = {2016},
}

@misc{suarez2020skyeye,
  author = {Suarez Fernandez, Ramon and Rodriguez Ramos, Alejandro and Alvarez, Adrian and Rodriguez-Vázquez, Javier and Bavle, Hriday and Lu, Liang and Fernandez, Miguel and Rodelgo, Alberto and Cobano, Antonio and Alejo, David and Acedo, Domingo and Rey, Rafael and Martinez-Rozas, Simon and Molina, Martin and Merino, Luis and Caballero, Fernando and Campoy, Pascual},
  month = {02},
  note = {Online (accessed on 2020/09/05): \url{https://www.researchgate.net/publication/339725858_The_Skyeye_Team_Participation_in_the_2020_Mohamed_Bin_Zayed_International_Robotics_Challenge}},
  title = {{The Skyeye Team Participation in the 2020 Mohamed Bin Zayed International Robotics Challenge}},
  type = {misc},
  year = {2020},
}

@article{article,
  author = {Garcia Salazar, Octavio and Rojo Rodriguez, Erik Gilberto and Sanchez-Orta, Anand and Saucedo Gonzalez, Delia and Muñoz-Vázquez, Aldo},
  doi = {10.1017/S0263574719001231},
  journal = {Robotica},
  keywords = {garcia2019robust},
  month = {07},
  title = {Robust Geometric Navigation of a Quadrotor UAV on SE(3)},
  type = {article},
  year = {2019},
}

@article{stepan2019vision,
  author = {Stepan, P. and Krajnik, T. and Petrlik, M. and Saska, M.},
  journal = {Journal of Field Robotics},
  number = {1},
  pages = {252-269},
  title = {{Vision techniques for on-board detection, following and mapping of moving targets}},
  type = {article},
  volume = {36},
  year = {2019},
}

@inproceedings{spurny2019transport,
  author = {Spurny, V. and Petrlik, M. and Vonasek, V. and Saska, M.},
  booktitle = {2019 24th IEEE International Conference on Emerging Technologies and Factory Automation (ETFA)},
  month = {9},
  pages = {955-962},
  title = {Cooperative Transport of Large Objects by a Pair of Unmanned Aerial Systems using Sampling-based Motion Planning},
  type = {inproceedings},
  url = {https://ieeexplore.ieee.org/document/8869298},
  year = {2019},
}

@article{pajares2015overview,
  author = {Gonzalo Pajares},
  journal = {Photogrammetric Engineering \& Remote Sensing},
  keywords = {sensing},
  number = {4},
  pages = {281--329},
  title = {{Overview and Current Status of Remote Sensing Applications Based on Unmanned Aerial Vehicles (UAVs)}},
  type = {article},
  volume = {81},
  year = {2015},
}

@article{baca2018rospix,
  addendum = {{\textbf{70\% contribution, IF 1.366 (Q3 in Instruments \& Instrumentation), citations: 1 in WoS, 3 in Scopus, 3 in GS}}},
  author = {Baca, T. and Turecek, D. and McEntaffer, R. and Filgas, R.},
  journal = {Journal of Instrumentation},
  keywords = {mine, phd_related, journal},
  number = {11},
  pages = {C11008},
  title = {{Rospix: modular software tool for automated data acquisitions of Timepix detectors on Robot Operating System}},
  type = {article},
  url = {http://stacks.iop.org/1748-0221/13/i=11/a=C11008},
  volume = {13},
  year = {2018},
}

@article{pallottino2007decentralized,
  author = {Pallottino, Lucia and Scordio, Vincenzo G and Bicchi, Antonio and Frazzoli, Emilio},
  journal = {{IEEE Transactions on Robotics}},
  keywords = {multirobot},
  number = {6},
  pages = {1170--1183},
  publisher = {IEEE},
  title = {Decentralized cooperative policy for conflict resolution in multivehicle systems},
  type = {article},
  volume = {23},
  year = {2007},
}

@article{granja2018resolving,
  author = {Granja, C. and Jakubek, J. and Polansky, S. and others},
  journal = {{Nuclear Instruments and Methods}},
  keywords = {timepix},
  number = {1},
  pages = {60--71},
  publisher = {Elsevier},
  title = {{Resolving power of pixel detector Timepix for wide-range electron, proton and ion detection}},
  type = {article},
  volume = {908},
  year = {2018},
}

@book{boyd1994linear,
  author = {Boyd, Stephen and El Ghaoui, Laurent and Feron, Eric and Balakrishnan, Venkataramanan},
  publisher = {SIAM},
  title = {Linear matrix inequalities in system and control theory},
  type = {book},
  year = {1994},
}

@article{sanchez2020trajectory,
  author = {Sanchez-Lopez, Jose Luis and Castillo-Lopez, Manuel and Olivares-Mendez, Miguel A and Voos, Holger},
  journal = {Journal of Intelligent \& Robotic Systems},
  pages = {1--44},
  publisher = {Springer},
  title = {{Trajectory Tracking for Aerial Robots: an Optimization-Based Planning and Control Approach}},
  type = {article},
  year = {2020},
}

@inproceedings{walter2018mutual,
  author = {Walter, V. and Staub, N. and Saska, M. and Franchi, A.},
  booktitle = {14th IEEE International Conference on Automation Science and Engineering (CASE)},
  title = {{Mutual Localization of UAVs based on Blinking Ultraviolet Markers and 3D Time-Position Hough Transform}},
  type = {inproceedings},
  year = {2018},
}

@inproceedings{kuriki2014avoidance,
  author = {Kuriki, Yasuhiro and Namerikawa, Toru},
  booktitle = {{IEEE American Control Conference (ACC)}},
  keywords = {control},
  organization = {IEEE},
  pages = {2077--2082},
  title = {{Consensus-based cooperative formation control with collision avoidance for a multi-UAV system}},
  type = {inproceedings},
  year = {2014},
}

@article{newaz2016uav,
  author = {Newaz, Abdullah Al Redwan and Jeong, Sungmoon and Lee, Hosun and Ryu, Hyejeong and Chong, Nak Young},
  journal = {Robotics and Autonomous Systems},
  pages = {12--25},
  publisher = {Elsevier},
  title = {{UAV-based multiple source localization and contour mapping of radiation fields}},
  type = {article},
  volume = {85},
  year = {2016},
}

@inproceedings{baca2019timepix,
  addendum = {{\textbf{70\% contribution, citations: 0 in WoS, 1 in Scopus, 1 in GS}}},
  author = {Baca, T. and Jilek, M. and Manek, P. and Stibinger, P. and Linhart, V. and Jakubek, J. and Saska, M.},
  booktitle = {{2019 IEEE/RSJ International Conference on Intelligent Robots and Systems (IROS)}},
  keywords = {mine, phd_related, conference, core},
  organization = {IEEE},
  pages = {1--8},
  title = {{Timepix Radiation Detector for Autonomous Radiation Localization and Mapping by Micro Unmanned Vehicles}},
  type = {inproceedings},
  year = {2019},
}

@inproceedings{mascarich2018radiation,
  author = {Mascarich, Frank and Wilson, Taylor and Papachristos, Christos and Alexis, Kostas},
  booktitle = {2018 IEEE International Conference on Robotics and Automation (ICRA)},
  organization = {IEEE},
  pages = {6537--6544},
  title = {{Radiation source localization in gps-denied environments using aerial robots}},
  type = {inproceedings},
  year = {2018},
}

@inproceedings{lee2010geometric,
  author = {Lee, Taeyoung and Leoky, Melvin and McClamroch, N Harris},
  booktitle = {{IEEE Conference on Decision and Control (CDC)}},
  keywords = {control},
  organization = {IEEE},
  pages = {5420--5425},
  title = {{Geometric tracking control of a quadrotor UAV on SE(3)}},
  type = {inproceedings},
  year = {2010},
}

@inproceedings{schmittle2018openuav,
  author = {Schmittle, Matt and Lukina, Anna and Vacek, Lukas and Das, Jnaneshwar and Buskirk, Christopher P and Rees, Stephen and Sztipanovits, Janos and Grosu, Radu and Kumar, Vijay},
  booktitle = {2018 ACM/IEEE 9th International Conference on Cyber-Physical Systems (ICCPS)},
  organization = {IEEE},
  pages = {130--139},
  title = {{OpenUAV: a UAV testbed for the CPS and robotics community}},
  type = {inproceedings},
  year = {2018},
}

@article{terzioglu2018compton,
  author = {Terzioglu, Fatma and Kuchment, Peter and Kunyansky, Leonid},
  journal = {Inverse Problems},
  number = {5},
  pages = {054002},
  publisher = {IOP Publishing},
  title = {Compton camera imaging and the cone transform: a brief overview},
  type = {article},
  volume = {34},
  year = {2018},
}

@article{belkhouche2017reactive,
  author = {Fethi Belkhouche},
  doi = {https://doi.org/10.1016/j.robot.2017.07.006},
  issn = {0921-8890},
  journal = {{Robotics and Autonomous Systems}},
  keywords = {control},
  pages = {114--123},
  title = {{Reactive optimal UAV motion planning in a dynamic world}},
  type = {article},
  volume = {96},
  year = {2017},
}

@article{maza2011distributed,
  author = {Maza, Ivan and Caballero, Fernando and Capitan, Jesus and Martinez-de-Dios, Jose Ramiro and Ollero, Anibal},
  journal = {Journal of Field Robotics},
  keywords = {uav},
  number = {3},
  pages = {303--328},
  publisher = {Wiley Online Library},
  title = {A distributed architecture for a robotic platform with aerial sensor transportation and self-deployment capabilities},
  type = {article},
  volume = {28},
  year = {2011},
}

@article{saska2017system,
  addendum = {{\textbf{22\% contribution, IF 3.634 (Q2 in Robotics), citations: 34 in WoS, 45 in Scopus, 116 in GS}}},
  author = {Saska, M. and Baca, T. and Thomas, J. and Chudoba, J. and Preucil, L. and Krajnik, T. and Faigl, J. and Loianno, G. and Kumar, V.},
  journal = {Autonomous Robots},
  keywords = {mine, phd_related, journal},
  number = {4},
  pages = {919--944},
  publisher = {Springer},
  title = {{System for deployment of groups of unmanned micro aerial vehicles in GPS-denied environments using onboard visual relative localization}},
  type = {article},
  volume = {41},
  year = {2017},
}

@article{turecek2020single,
  author = {Turecek, D and Jakubek, J and Trojanova, E and Sefc, L},
  journal = {Journal of Instrumentation},
  number = {01},
  pages = {C01014},
  publisher = {IOP Publishing},
  title = {{Single layer Compton camera based on Timepix3 technology}},
  type = {article},
  volume = {15},
  year = {2020},
}

@article{saska2020formation,
  addendum = {{\textbf{20\% contribution, IF 3.634 (Q1 in Robotics), citations: 0 in WoS, 0 in Scopus, 0 in GS}}},
  author = {Saska, M. and Hert, D. and Baca, T. and Kratky, V. and Nascimento, T.},
  doi = {10.1007/s10514-020-09913-0},
  journal = {Autonomous Robots},
  keywords = {mine, journal, phd_related},
  pages = {1573-7527},
  publisher = {Springer},
  title = {{Formation Control of Unmanned Micro Aerial Vehicles for Straitened Environments}},
  type = {article},
  year = {2020},
}

@article{baluja2012assessment,
  author = {Baluja, Javier and Diago, Maria P and Balda, Pedro and Zorer, Roberto and Meggio, Franco and Morales, Fermin and Tardaguila, Javier},
  journal = {Irrigation Science},
  keywords = {uav, sensing},
  number = {6},
  pages = {511--522},
  publisher = {Springer},
  title = {{Assessment of vineyard water status variability by thermal and multispectral imagery using an unmanned aerial vehicle (UAV)}},
  type = {article},
  volume = {30},
  year = {2012},
}

@article{martin20163d,
  author = {Martin, Peter G and Kwong, S and Smith, NT and Yamashiki, Y and Payton, Oliver D and Russell-Pavier, FS and Fardoulis, John S and Richards, DA and Scott, Thomas B},
  journal = {International Journal of Applied Earth Observation and Geoinformation},
  keywords = {uav, radiation, sensing},
  pages = {12--19},
  publisher = {Elsevier},
  title = {{3D unmanned aerial vehicle radiation mapping for assessing contaminant distribution and mobility}},
  type = {article},
  volume = {52},
  year = {2016},
}

@article{mueller2015computationally,
  author = {Mueller, Mark W and Hehn, Markus and D'Andrea, Raffaello},
  journal = {IEEE Transactions on Robotics},
  keywords = {uav, planning},
  number = {6},
  pages = {1294--1310},
  publisher = {IEEE},
  title = {A computationally efficient motion primitive for quadrocopter trajectory generation},
  type = {article},
  volume = {31},
  year = {2015},
}

@inproceedings{vertat2018small,
  author = {Vertat, Ivo and Linhart, Richard and Pokorny, Michal and others},
  booktitle = {{28th International Conference Radioelektronika}},
  organization = {IEEE},
  pages = {1--6},
  title = {{Small satellite ground station in Pilsen -- experiences with VZLUSAT-1 commanding and future modifications toward open reference ground station solution}},
  type = {inproceedings},
  year = {2018},
}

@article{stibinger2020mobile,
  author = {Stibinger, Petr and Broughton, George and Majer, Filip and Rozsypalek, Zdenek and Wang, Anthony and Jindal, Kshitij and Zhou, Alex and Thakur, Dinesh and Loianno, Giuseppe and Krajnik, Tomas and Saska, Martin},
  eprint = {2011.07972},
  journal = {Submitted to Robotics and Automation Letters},
  title = {{Mobile Manipulator for Autonomous Localization, Grasping and Precise Placement of Construction Material in a Semi-structured Environment}},
  type = {article},
  url = {http://arxiv.org/abs/2011.07972},
  year = {2020},
}

@article{morgenthal2014quality,
  author = {Morgenthal, G and Hallermann, N},
  journal = {Advances in Structural Engineering},
  keywords = {uav, inspection},
  number = {3},
  pages = {289--302},
  publisher = {SAGE Publications Sage UK: London, England},
  title = {{Quality assessment of unmanned aerial vehicle (UAV) based visual inspection of structures}},
  type = {article},
  volume = {17},
  year = {2014},
}

@inproceedings{beul2017fast,
  author = {Beul, Marius and Houben, Sebastian and Nieuwenhuisen, Matthias and Behnke, Sven},
  booktitle = {{2017 European Conference on Mobile Robots (ECMR)}},
  keywords = {uav, control},
  organization = {IEEE},
  pages = {1--6},
  title = {{Fast autonomous landing on a moving target at MBZIRC}},
  type = {inproceedings},
  year = {2017},
}

@article{deng2014unmanned,
  author = {Deng, Chuang and Wang, Shengwei and Huang, Zhi and Tan, Zhongfu and Liu, Junyong},
  journal = {J. Commun},
  keywords = {uav, inspection},
  number = {9},
  pages = {687--692},
  title = {Unmanned aerial vehicles for power line inspection: A cooperative way in platforms and communications},
  type = {article},
  volume = {9},
  year = {2014},
}

@article{quater2014light,
  author = {Quater, Paolo Bellezza and Grimaccia, Francesco and Leva, Sonia and Mussetta, Marco and Aghaei, Mohammadreza},
  journal = {IEEE Journal of Photovoltaics},
  keywords = {uav, inspection},
  number = {4},
  pages = {1107--1113},
  publisher = {IEEE},
  title = {Light Unmanned Aerial Vehicles (UAVs) for cooperative inspection of PV plants},
  type = {article},
  volume = {4},
  year = {2014},
}

@inproceedings{zhang2016controllable,
  author = {Zhang, Weixuan and Mueller, Mark W and D'Andrea, Raffaello},
  booktitle = {IEEE International Conference on Robotics and Automation (ICRA)},
  keywords = {uav, control},
  organization = {IEEE},
  pages = {3275--3281},
  title = {A controllable flying vehicle with a single moving part},
  type = {inproceedings},
  year = {2016},
}

@inproceedings{gao2018optimal,
  author = {Gao, Fei and Wu, William and Pan, Jie and Zhou, Boyu and Shen, Shaojie},
  booktitle = {2018 IEEE/RSJ International Conference on Intelligent Robots and Systems (IROS)},
  keywords = {trajectory generation},
  organization = {IEEE},
  pages = {4715--4722},
  title = {Optimal time allocation for quadrotor trajectory generation},
  type = {inproceedings},
  year = {2018},
}

@inproceedings{baca2020gamma,
  addendum = {{\textbf{70\% contribution}}},
  author = {Baca, Tomas and Stibinger, Petr and Doubravova, Daniela and Turecek, Daniel and Solc, Jaroslav and Rusnak, Jan and Saska, Martin and Jakubek, Jan},
  eprint = {arXiv: 2011.03356},
  keywords = {mine, phd_related, submitted, conference},
  note = {{submitted to IEEE 2021 ICRA}},
  title = {{Gamma Radiation Source Localization for Micro Aerial Vehicles with a Miniature Single-Detector Compton Event Camera}},
  type = {inproceedings},
  year = {2020},
}

@phdthesis{hoang2013pattern,
  author = {Hoang, Son M},
  keywords = {timepix},
  title = {{A pattern recognition approach to learning tracks of heavy-ion particles in Timepix detectors}},
  type = {phdthesis},
  year = {2013},
}

@inproceedings{ghamry2016real,
  author = {Ghamry, Khaled A and Dong, Yiqun and Kamel, Mohamed A and Zhang, Youmin},
  booktitle = {24th Mediterranean Conference on Control and Automation (MED)},
  keywords = {uav, control},
  organization = {IEEE},
  pages = {1236--1241},
  title = {{Real-time autonomous take-off, tracking and landing of UAV on a moving UGV platform}},
  type = {inproceedings},
  year = {2016},
}

@article{vrba2020autonomous,
  addendum = {{\textbf{20\% contribution}}},
  author = {Vrba, Matous and Yurii, Stasinchuk and Baca, Tomas and Spurny, Vojtech and Petrlik, Matej and Hert, Daniel and Zaitlik, David and Saska, Martin},
  journal = {submitted to IEEE Transactions on Systems, Man, and Cybernetics},
  keywords = {mine, phd_related, journal, mbzirc, submitted},
  title = {{Autonomous Capturing of Agile Flying Objects using MAVs: The MBZIRC 2020 Challenge}},
  type = {article},
  year = {2020},
}

@inproceedings{nascimento2019nmpc,
  author = {Nascimento, Iuro BP and Ferramosca, Antonio and Piment, Luciano CA and Raffo, Guilherme V},
  booktitle = {2019 19th International Conference on Advanced Robotics (ICAR)},
  organization = {IEEE},
  pages = {179--184},
  title = {{NMPC Strategy for a Quadrotor UAV in a 3D Unknown Environment}},
  type = {inproceedings},
  year = {2019},
}

@article{richert2013optimal,
  author = {Richert, Dean and Cortes, Jorge},
  journal = {Automatica},
  keywords = {uav, multirobot, planning},
  number = {11},
  pages = {3189--3198},
  publisher = {Elsevier},
  title = {{Optimal leader allocation in UAV formation pairs ensuring cooperation}},
  type = {article},
  volume = {49},
  year = {2013},
}

@inproceedings{benini2016real,
  author = {Benini, Alessandro and Rutherford, Matthew J and Valavanis, Kimon P},
  booktitle = {International Conference on Robotics and Automation (ICRA)},
  keywords = {uav, control},
  organization = {IEEE},
  pages = {3463--3470},
  title = {{Real-time, GPU-based pose estimation of a UAV for autonomous takeoff and landing}},
  type = {inproceedings},
  year = {2016},
}

@article{kraus2011fitpix,
  author = {Kraus, V and Holik, Michael and Jakubek, Jan and Kroupa, M and Soukup, P and Vykydal, Z},
  journal = {Journal of Instrumentation},
  keywords = {timepix},
  number = {01},
  pages = {C01079},
  publisher = {IOP Publishing},
  title = {{FITPix—fast interface for Timepix pixel detectors}},
  type = {article},
  volume = {6},
  year = {2011},
}

@article{vrba2020markerless,
  author = {Vrba, M. and Saska, M.},
  doi = {10.1109/LRA.2020.2972819},
  issn = {2377-3766},
  journal = {IEEE Robotics and Automation Letters},
  month = {4},
  number = {2},
  pages = {2459-2466},
  title = {Marker-Less Micro Aerial Vehicle Detection and Localization Using Convolutional Neural Networks},
  type = {article},
  volume = {5},
  year = {2020},
}

